2886 5378
347 475 352 487 b

461 807 658 867 sorssors
684 806 842 864 suerrus
868 807 1000 864 xxvrn.
1222 795 1272 866 87

179 963 275 1017 autem
301 959 456 1022 altissimus
483 962 672 1041 impendebat,
699 968 734 1022 ut
756 962 839 1022 laoile
869 963 1004 1042 perpauci
1031 964 1181 1043 prohibere
1208 987 1274 1045 pos·

180 1065 267 1118 seut:
301 1061 424 1122 alterum
456 1082 506 1141 per
539 1062 715 1142 provinciam
748 1068 883 1133 nostram,
916 1061 1009 1121 multo
1039 1062 1152 1122 facilius
1186 1072 1274 1142 atque

179 1156 351 1234 expeditius,
365 1167 513 1239 propterea
532 1159 609 1238 quod
629 1159 827 1218 Helvetiorum
847 1158 924 1217 inter
943 1158 1013 1218 fines
1032 1166 1062 1218 et
1075 1161 1273 1239 Allobrogum,

181 1253 232 1328 qui
254 1273 347 1334 nuper
365 1257 459 1335 paoati
480 1264 572 1331 erent,
586 1256 742 1316 Rhodanus
762 1256 837 1326 fluit,
851 1256 932 1333 isque
945 1258 1092 1316 nonnullis
1112 1258 1182 1318 loeis
1200 1259 1273 1319 vado

179 1353 326 1414 transitur.
368 1354 538 1414 Extremum
552 1355 690 1436 oppidum
704 1354 892 1432 Allobrogum
905 1361 948 1413 est
966 1355 1188 1433 proximumque
1202 1355 1273 1415 Hel·

179 1448 320 1510 vetiorum
332 1451 447 1523 finibus,
456 1452 580 1512 Genera.
619 1451 665 1513 Ex
678 1442 826 1532 eo'oppido
840 1471 911 1530 pons
924 1451 961 1511 ad
977 1452 1125 1512 Helvetios
1138 1453 1270 1532 pertinet

181 1546 383 1628 Allobrogibus
404 1569 462 1610 sese
481 1550 527 1611 rel
549 1569 737 1629 persuasuros
761 1548 838 1626 quod
865 1549 993 1608 nondum
1021 1549 1097 1609 bono
1118 1551 1215 1612 animo
1239 1551 1270 1610 in

181 1646 319 1725 populum
340 1647 501 1708 Romanum
520 1647 694 1717 viderentur,
708 1646 914 1707 existimabant
923 1667 934 1722 ;
954 1648 999 1708 vel
1017 1648 1047 1706 ri
1067 1656 1221 1722 oosoturos,
1236 1655 1270 1708 ut

179 1762 231 1822 per
242 1764 307 1804 suos
319 1745 389 1805 fines
401 1765 448 1806 eos
467 1745 510 1805 ire
529 1752 704 1823 poterentur.
747 1743 886 1804 Omnibus
906 1744 990 1805 rebus
1009 1746 1046 1804 ad
1068 1746 1271 1825 prosectionem

179 1843 358 1920 eomparatis,
378 1843 454 1904 diem
481 1842 590 1912 dieunt,
611 1862 669 1919 qus
689 1842 736 1917 die
757 1841 794 1900 ad
817 1841 910 1919 ripum
933 1841 1067 1902 Rhodani
1088 1863 1183 1902 omnes
1204 1863 1271 1903 oon·

179 1939 312 2002 veniant:
333 1940 431 2000 isdies
444 1947 506 2000 erat
519 1960 545 1999 a.
558 1939 587 1998 d.
602 1939 638 1999 V.
654 1938 718 1998 Kal
734 1938 805 2016 Apr.
819 1938 850 1996 Is.
865 1937 976 2008 Pisone,
990 1940 1025 1998 A.
1041 1939 1165 2000 Gabinio
1180 1940 1255 1999 Coss.

220 2035 292 2098 VII.
323 2037 427 2099 cneori
456 2056 548 2115 quum
578 2035 609 2095 id
642 2037 810 2096 nunciatum
840 2043 919 2109 esset,
943 2056 989 2096 eos
1015 2057 1065 2115 per
1092 2039 1269 2115 provinciam

181 2141 306 2195 nostram
330 2135 385 2195 iter
407 2135 497 2194 faeere
519 2134 764 2208 consummabunt
786 2132 823 2193 ab
847 2134 918 2193 urbe
940 2133 1080 2212 proficisci
1090 2155 1099 2208 ς
1120 2147 1158 2207 et,
1180 2156 1267 2212 quam

179 2233 313 2292 maxinris
336 2239 429 2311 potest
450 2231 610 2301 itineribus,
631 2231 663 2290 in
684 2231 809 2292 Galliam
829 2231 992 2291 ulteriorem
1013 2231 1160 2290 oonteudit
1178 2240 1207 2291 et
1231 2234 1268 2292 ad

180 2328 322 2390 Genavam
335 2329 485 2409 pervenit:
505 2329 659 2407 provincia
680 2328 735 2387 toti
753 2348 840 2405 quam
858 2329 1017 2389 maximum
1036 2336 1128 2406 potest
1142 2330 1268 2389 militum

180 2446 331 2488 numerum
344 2428 468 2507 imperat
480 2427 554 2508 (erat
571 2427 688 2486 omnino
701 2427 731 2484 in
746 2426 840 2486 Gallia
853 2426 987 2486 ulteriore
1000 2426 1075 2504 logio
1089 2427 1159 2504 una)
1173 2448 1179 2486 :
1201 2446 1270 2504 pon·

180 2532 247 2598 tenu
268 2525 320 2603 qui
341 2533 403 2585 erat
423 2524 459 2585 ad
482 2525 632 2598 Generum,
647 2524 732 2601 jubet
753 2524 883 2583 resoindi.
926 2523 985 2583 Ubi
1010 2523 1045 2582 de
1062 2523 1124 2600 ejus
1143 2523 1269 2584 adventu

181 2621 309 2683 Helvetii
327 2623 459 2683 oertiores
478 2624 547 2683 faeti
566 2630 641 2695 sunt,
662 2624 769 2700 legatos
787 2621 823 2682 ad
844 2641 909 2681 eum
930 2621 1061 2692 mittunt,
1079 2621 1269 2682 nobilissimos

177 2720 311 2792 civitatis,
325 2719 406 2797 eujus
419 2721 569 2798 legationis
590 2721 728 2780 Nameius
748 2727 777 2778 et
792 2719 980 2779 Verudootius
1001 2718 1159 2796 prinoipem
1173 2720 1267 2780 looum

178 2817 354 2888 obtinebant,
367 2818 418 2896 qui
433 2818 558 2878 dioerent
579 2817 658 2877 “sibi
672 2837 730 2877 esse
745 2817 777 2876 in
790 2817 893 2888 animo,
907 2817 969 2875 sine
982 2816 1042 2875 ullo
1055 2817 1193 2876 maleficio
1214 2818 1265 2876 iter

178 2934 229 2994 per
241 2915 417 2994 provinciam
435 2915 532 2988 faeere,
546 2923 693 2994 propterea
705 2913 783 2992 quod
802 2913 881 2973 aliud
902 2915 957 2972 iter
977 2913 1114 2973 habereut
1134 2914 1268 2974 nullum:

177 3033 283 3092 rogare,
294 3021 329 3074 ut
341 3013 402 3091 ejus
412 3015 560 3074 voluntate
572 3014 604 3073 id
617 3013 673 3074 sibi
686 3012 775 3072 faeere
788 3012 897 3071 lieest.’'
927 3010 1031 3083 Oaesar,
1042 3010 1119 3088 quod
1132 3012 1268 3071 memorio

177 3112 302 3180 tenebm,
321 3111 352 3170 L.
368 3111 497 3173 Oassium
518 3112 660 3171 eousulem
681 3112 812 3183 oooisum,
826 3110 1040 3187 exercitumque
1061 3109 1121 3186 ejus
1141 3111 1179 3168 ab
1199 3110 1269 3169 Hel-

177 3209 261 3269 vetiis
281 3209 396 3287 pulsum
417 3216 446 3268 et
466 3210 520 3269 sub
537 3209 641 3287 jugum
664 3209 792 3277 missum,
812 3206 1022 3267 concedendum
1044 3226 1101 3265 non
1126 3208 1267 3285 putabet:

178 3325 270 3383 neque
282 3305 410 3365 homines
424 3306 539 3366 inimico
552 3307 656 3378 animo,
670 3307 739 3366 data
751 3306 887 3365 facultate
901 3325 951 3383 per
964 3304 1140 3383 provinciam
1155 3305 1267 3363 itineris

175 3401 311 3474 faciundi,
326 3410 530 3482 temperaturos
543 3404 580 3462 ab
592 3402 699 3479 injuria
716 3409 746 3461 et
765 3401 902 3461 maleficio
916 3401 1108 3460 existimabat.
1151 3398 1266 3473 Tamen,

177 3505 211 3558 ut
231 3500 357 3577 spatium
378 3500 551 3560 interoedere
570 3507 671 3578 posset,
685 3499 754 3558 dum
772 3498 889 3571 milites,
903 3517 973 3575 qnos
987 3497 1184 3575 imperaverat,
1199 3517 1267 3556 oon-

176 3597 315 3667 renirent,
328 3598 429 3676 legatis
439 3597 594 3676 respondit,
609 3597 711 3656 “diem
724 3616 754 3656 se
766 3595 803 3655 ad
811 3595 1025 3654 deliberandum
1039 3602 1201 3655 sumturum
1212 3615 1221 3668 3
1242 3594 1266 3653 si

174 3693 246 3772 quid
259 3694 372 3768 vellent,
386 3715 411 3754 a
426 3694 453 3754 d.
469 3693 541 3755 Idus
554 3695 624 3773 Apr.
638 3693 872 3754 reverterentur.’'

215 3790 302 3851 v111.
325 3793 437 3852 Interea
460 3813 493 3853 es
518 3792 638 3870 legione,
665 3811 752 3869 quam
780 3809 875 3849 seeum
900 3788 1033 3858 habebat,
1056 3787 1265 3864 militibusque,

174 3887 225 3965 qui
239 3907 276 3947 ex
290 3889 436 3966 provincia
448 3896 645 3959 couvenerant,
659 3909 677 3948 a
696 3889 760 3949 laon
780 3887 931 3957 Lemanno,
946 3886 996 3964 qui
1013 3885 1045 3944 in
1063 3885 1169 3944 flumen
1187 3884 1264 3943 Rho·

172 3983 280 4045 dmum
294 3986 400 4058 influit,
411 3989 448 4047 ad
462 3995 586 4047 montem
599 3986 620 4045 J
621 4005 710 4058 nram,
721 3986 772 4064 qui
786 3985 856 4045 fines
866 3984 1060 4061 Sequanorum
1074 3982 1111 4041 ab
1122 3981 1264 4042 Helvetiis

172 4080 287 4156 dividit,
300 4084 393 4144 millia
405 4105 539 4163 passuum
552 4085 649 4145 deoem
662 4103 763 4142 novem
777 4101 899 4155 murum,
913 4082 944 4140 in
958 4079 1144 4140 altitudinem
1157 4079 1263 4159 pedum

172 4179 302 4255 sedecim,
315 4182 473 4261 fossamque
487 4182 625 4261 perducit.
667 4180 709 4240 uo
729 4200 811 4260 opere
831 4178 962 4259 perfeeto,
976 4177 1109 4258 praesidia
1128 4177 1263 4268 disponit²

171 4277 286 4338 castella
299 4280 464 4351 eommunit,
478 4299 536 4357 quo
548 4278 668 4351 facilius,
682 4278 706 4336 si
720 4297 750 4337 se
763 4277 855 4337 inrito
870 4276 990 4336 transire
1003 4283 1182 4349 conarentur,
1197 4295 1262 4354 pro·

171 4373 270 4436 hibere
283 4377 380 4456 possit
422 4376 481 4437 Ubi
496 4397 529 4437 ea
542 4377 611 4448 dies,
624 4395 711 4452 quam
729 4375 915 4434 eonstituerat
928 4393 994 4432 oum
1007 4373 1118 4452 legatis,
1131 4373 1219 4446 venit,
1234 4386 1263 4433 et

171 4473 260 4551 legati
270 4474 308 4534 sd
316 4494 382 4534 eum
392 4482 577 4546 reverterunt,
588 4480 681 4551 negat,
696 4477 713 4506 “
721 4493 750 4532 se
759 4491 837 4532 more
846 4478 876 4531 et
889 4471 1019 4549 exemplo
1029 4471 1128 4549 populi
1140 4469 1262 4530 Romani

170 4590 251 4649 posse
265 4571 321 4631 iter
334 4572 388 4632 ulli
402 4591 454 4651 per
463 4571 638 4650 provinoIam
648 4570 714 4630 dore
724 4591 734 4644 5
755 4576 791 4642 et,
801 4568 826 4628 si
837 4569 896 4628 rim
909 4569 999 4628 faeere
1009 4575 1155 4637 sonentur,
1166 4567 1264 4649 prohi-

170 4667 462 4728 biturum”ostendit
487 4666 1087 4746 Helvetii,easpedejeotinoribusjuuotis
1096 4666 1262 4742 ratibusque

171 4766 365 4845 eompluribus
378 4765 469 4837 laetis,
483 4765 534 4826 alii
548 4766 628 4828 vadis
642 4764 854 4841 Rhodanique
866 4765 986 4824 minima
998 4763 1122 4824 altitudo
1136 4762 1263 4823 fluminis
