2886 5378
573 836 865 892 naonaoounnn.
1129 820 1268 891 lxxxvii

215 999 357 1064 XXIII.
385 998 574 1064 Civitatibus
605 999 744 1062 maxima
780 997 847 1062 laus
881 1005 938 1074 cst,
974 1021 1066 1083 quarn
1101 999 1268 1067 latissimas

171 1099 286 1165 circum
310 1123 343 1166 se
359 1100 490 1166 vastatis
513 1098 624 1164 linibus
646 1097 828 1164 solitudines
849 1096 973 1162 habere.
1021 1099 1093 1164 Hoc
1108 1101 1266 1186 proprium

170 1201 297 1266 virtutis
325 1200 518 1277 exIstImant,
543 1200 689 1285 expulsos
720 1197 804 1283 agris
833 1194 980 1264 finitimos
1012 1200 1131 1279 cedere,
1167 1224 1266 1286 neque

171 1323 358 1386 quemquam
373 1323 468 1387 prope
483 1299 598 1365 audere
613 1300 797 1364 consistere:
826 1297 917 1362 simul
934 1300 992 1364 hoc
1005 1323 1037 1365 se
1054 1301 1120 1367 fore
1135 1302 1268 1368 tutiores

173 1402 374 1480 arbitrantur,
408 1402 578 1487 repentinae
613 1398 794 1465 incursionis
833 1397 945 1464 timore
976 1400 1108 1467 sublato.
1162 1403 1267 1485 Quum

173 1502 288 1567 bellum
308 1503 420 1568 civitas
440 1510 497 1567 ant
519 1501 641 1566 illatum
662 1499 813 1578 defendit,
835 1508 891 1564 aut
912 1500 1026 1565 infert:
1055 1503 1267 1589 magistratus,

174 1602 227 1686 qui
251 1602 279 1667 ei
302 1603 384 1668 bello
411 1603 549 1688 praesint,
575 1610 612 1666 ut
640 1600 712 1665 vitae
738 1599 880 1683 necisque
905 1601 1041 1668 habeant
1068 1612 1266 1689 potestatem,

174 1703 363 1788 deliguntur.
415 1703 454 1767 ln
477 1725 553 1787 pace
579 1702 682 1768 nullus
708 1709 755 1765 est
778 1702 950 1766 communis
974 1704 1185 1790 magistratus,
1212 1704 1268 1770 sed

174 1803 327 1889 principes
359 1803 519 1889 regionum
550 1809 644 1887 atque
675 1822 826 1887 pagorum
855 1800 936 1866 inter
969 1825 1040 1869 suos
1066 1802 1120 1889 jus
1148 1804 1267 1882 dicunt,

172 1904 459 1989 controversiasque
474 1903 629 1967 minuunt.
674 1900 854 1965 Latrocinia
874 1902 993 1967 nullam
1010 1905 1127 1969 habent
1146 1904 1268 1970 infami·

174 2027 236 2081 am,
252 2026 321 2089 quae
339 2013 430 2069 extra
446 2001 523 2068 fines
537 2001 685 2089 cujusque
700 2001 836 2067 civitatis
857 1998 959 2076 fiuut;
986 2012 1081 2090 atque
1106 2028 1144 2069 ca
1156 2003 1270 2092 juven-

172 2104 250 2171 tutis
267 2105 447 2170 excroeudae
467 2126 505 2169 ac
528 2104 653 2169 desidie
675 2102 848 2166 minuendae
870 2125 980 2169 caussa
1000 2106 1065 2170 fieri
1089 2106 1270 2190 praedicant.

174 2206 292 2289 Atque,
307 2205 362 2270 ubi
384 2205 454 2290 quis
475 2227 517 2269 ex
538 2204 728 2290 principibus
750 2203 782 2266 in
800 2204 929 2269 concilio
952 2205 1044 2282 dixit,
1071 2214 1134 2271 “se
1157 2206 1269 2271 ducem

175 2307 260 2380 fore;
294 2307 348 2391 qui
376 2306 463 2391 sequi
485 2306 596 2380 velint,
625 2300 859 2391 profiteantur‚”
883 2313 1072 2391 consurgunt
1099 2306 1131 2383 ii,
1159 2307 1212 2391 qui
1238 2316 1271 2372 et

174 2428 314 2472 caussam
336 2414 369 2471 et
390 2406 548 2471 hominem
572 2407 714 2491 probant,
737 2425 888 2486 suumque
912 2406 1064 2470 auxilinm
1086 2406 1271 2492 polliccatur

174 2514 269 2589 atque
292 2507 332 2572 ab
359 2507 560 2572 multitudine
587 2505 825 2571 collaudantur:
862 2505 914 2587 qui
947 2528 987 2571 ex
1014 2506 1053 2572 iis
1084 2507 1182 2572 secuti
1208 2530 1271 2573 non

176 2614 260 2682 sunt,
285 2606 318 2670 in
340 2605 531 2688 desertomm
553 2629 591 2672 ac
617 2606 810 2692 proditomm
835 2625 964 2671 numero
989 2607 1147 2672 ducuntur
1171 2608 1269 2673 omni·

177 2728 291 2790 umque
305 2706 344 2773 iis
356 2730 459 2773 reram
478 2716 587 2794 postea
602 2705 678 2773 fides
693 2707 871 2790 derogatur.
917 2707 1068 2792 Hospitcs
1082 2708 1208 2787 violare,
1223 2708 1271 2775 fas

176 2828 237 2870 non
255 2816 389 2892 putant,
413 2811 466 2892 qni
482 2831 603 2893 quaque
628 2807 667 2873 dc
682 2828 791 2872 caussa
804 2804 846 2868 ad
864 2829 916 2874 eos
932 2808 1084 2884 venerint,
1102 2808 1144 2873 ab
1157 2808 1271 2895 injuria

177 2907 341 2991 prohibent
372 2917 556 2993 sanctosque
587 2910 725 2984 habent3
766 2906 805 2971 iis
833 2908 972 2974 omnium
1005 2909 1117 2975 domus
1148 2918 1268 2995 patent,

174 3007 336 3093 victusque
349 3010 607 3074 communicatur.

218 3109 358 3173 XXIV.
382 3111 433 3174 Ac
464 3110 524 3174 fuit
553 3119 647 3175 antea
682 3117 816 3196 tempus,
849 3132 945 3196 quum
979 3110 1152 3175 Germanos
1184 3111 1266 3176 Galli

173 3209 289 3274 virtute
316 3218 510 3296 superarent,
535 3212 618 3276 ultro
649 3211 732 3275 bella
763 3211 921 3288 inferrent,
951 3219 1078 3296 propter
1108 3211 1269 3276 hominum

173 3310 406 3375 multitudinem
429 3311 556 3397 agrique
577 3311 714 3396 inopiam
736 3319 823 3377 trans
845 3312 992 3376 Rhenum
1014 3310 1149 3377 colonias
1163 3312 1268 3377 mitta

173 3417 252 3474 rent.
298 3410 411 3495 Itaque
428 3434 475 3492 ea,
489 3436 557 3496 quae
573 3411 763 3477 fertilissima
778 3421 861 3489 sunt,
878 3411 1053 3476 Germanias
1068 3410 1136 3475 loca
1151 3411 1268 3477 circum

175 3509 369 3597 Hercyniam
394 3511 505 3577 silvam
530 3518 638 3597 (quam
661 3511 864 3577 Eratostheni
890 3519 923 3576 et
944 3511 1128 3595 quibusdam
1151 3510 1269 3579 Gracia

170 3610 256 3675 fama
270 3620 378 3676 notam
395 3634 461 3678 csse
477 3613 578 3690 video,
595 3636 688 3698 quam
704 3612 750 3677 illi
768 3612 938 3699 Orcyniam
954 3611 1140 3696 adpellant),
1155 3611 1266 3677 Volcae

172 3710 360 3798 Tectosages
384 3722 614 3798 occupaverunt
634 3723 729 3797 atque
754 3713 798 3777 ibi
824 3713 1041 3779 consederunt.
1087 3713 1163 3794 Qua
1190 3734 1267 3799 gens

170 3810 292 3876 adhoc
317 3821 441 3898 tempus
467 3814 505 3879 iis
533 3814 658 3880 sedibus
680 3836 747 3879 sese
772 3814 911 3879 continet
936 3835 1150 3897 summamque
1171 3813 1268 3879 habet

165 3908 300 3996 justitiae
316 3921 350 3978 et
368 3913 486 3979 bellica
508 3914 610 3980 laudis
630 3914 825 4000 opinionem:
850 3937 932 3978 nunc
954 3936 1075 3998 quoque
1099 3915 1131 3977 in
1158 3914 1268 3979 eadem

172 4010 286 4097 inopia,
313 4021 461 4099 egestate,
488 4015 648 4101 patientia,
676 4038 738 4100 qua
765 4014 923 4093 Gennani,
950 4022 1133 4100 permanent
1158 4014 1268 4080 eodem

174 4111 258 4176 victu
286 4122 321 4178 et
350 4115 438 4179 cultu
467 4116 604 4201 corporis
634 4123 790 4190 utuntur;
837 4116 936 4180 Gallis
964 4123 1070 4179 autem
1100 4115 1267 4198 provinciae

174 4212 397 4298 propinquitas,
427 4223 460 4280 et
489 4216 765 4282 transmarinamm
801 4239 904 4279 rernm
938 4214 1063 4289 notitia,
1096 4215 1198 4281 multa
1225 4216 1268 4280 ad

170 4314 292 4398 copiam
317 4322 411 4400 atque
436 4338 510 4381 usus
535 4317 676 4403 largItur.
722 4315 894 4381 Paullatim
919 4315 1092 4381 adsuefacti
1116 4315 1265 4402 superari,

169 4414 338 4499 multisque
363 4415 438 4482 victi
464 4417 587 4502 proeliis,
618 4440 658 4482 ne
682 4416 862 4501 sequidem
885 4417 944 4502 ipsi
969 4439 1040 4481 cum
1066 4416 1126 4481 illis
1147 4418 1265 4483 virtute

169 4523 363 4600 comparant.

213 4614 333 4681 XXV.
359 4615 465 4703 Hujus
495 4617 664 4705 Hercynia
696 4618 791 4697 silva,
825 4641 893 4702 quaa
927 4640 1021 4703 supra
1051 4618 1265 4683 demonstrata

171 4722 228 4793 est,
255 4716 389 4783 latitudo
413 4741 525 4784 novem
547 4719 668 4783 dierum
693 4719 752 4783 iter
779 4719 927 4805 expedito
949 4726 1056 4805 patet:
1092 4742 1152 4783 non
1181 4718 1264 4782 enlm

169 4814 261 4881 aliter
277 4815 357 4884 liniri
372 4826 599 4906 potestasque
614 4820 932 4887 mensurasitinernm
948 4828 1110 4886 noverunt.
1157 4819 1266 4883 Oritur
