2886 5378
213 884 258 931 Χο
486 874 563 929 'lllE
586 874 768 930 GERMANY
792 873 840 930 01³
863 874 1031 931 molave.

211 1034 405 1120 perfugium3
430 1042 577 1120 totusque
602 1058 642 1101 ex
666 1038 748 1101 male
771 1036 967 1102 dissimulato
992 1036 1107 1122 agebat
1138 1037 1304 1110 amulum

210 1135 454 1220 exercitumque,
480 1159 572 1221 quern
603 1160 677 1201 axx.
710 1137 842 1202 millium
876 1137 1028 1223 peditum,
1058 1144 1194 1222 quatuor
1222 1139 1306 1222 equi·

210 1243 289 1313 tum,
319 1235 447 1317 fecerat,
477 1236 610 1303 assiduis
641 1237 790 1304 adversus
821 1236 969 1304 finitimos
997 1237 1088 1303 bellis
1119 1238 1302 1312 exercendo,

209 1334 329 1422 majori,
355 1359 449 1421 quam
483 1336 566 1421 quod
596 1337 743 1415 babebat,
778 1337 863 1424 operi
895 1338 1102 1424 praeparabat.
1165 1337 1305 1423 Eratque

208 1438 305 1502 etiam
326 1459 363 1501 eo
385 1437 552 1517 timendus,
575 1437 668 1521 qnod,
692 1461 763 1503 oum
786 1437 988 1503 Germaniam
1009 1437 1051 1503 ad
1077 1439 1187 1504 laevam
1212 1447 1245 1504 et
1270 1439 1304 1503 in

208 1537 320 1614 fronte,
337 1537 533 1603 Pannoniam
550 1538 592 1603 ad
608 1537 765 1616 dextram,
787 1562 807 1603 a
826 1546 915 1625 tergo
931 1538 1051 1604 sedium
1066 1560 1192 1605 suarum
1209 1539 1305 1604 habe·

208 1645 256 1702 ret
279 1637 421 1714 Noricos,
444 1645 606 1722 tamquam
628 1639 661 1703 in
685 1662 793 1705 omnes
814 1662 936 1725 semper
959 1646 1117 1719 venturus,
1140 1640 1182 1705 ab
1206 1640 1304 1704 omni·

208 1738 267 1803 bus
283 1738 464 1803 timebatur.
510 1738 577 1804 Nec
591 1762 732 1805 securam
755 1739 938 1805 incrementi
961 1738 1009 1804 sui
1034 1740 1216 1824 patiebatur
1237 1762 1304 1806 esse

207 1838 352 1903 Italiam:
392 1838 508 1925 quippe
538 1863 609 1904 cnm
638 1862 659 1904 a
687 1840 816 1906 summis
832 1840 962 1926 Alpium
986 1837 1083 1926 jugis,
1112 1863 1181 1925 quae
1206 1841 1301 1906 finem

208 1939 308 2004 ltaliae
333 1939 513 2020 terminant,
538 1940 663 2005 initium
690 1938 757 2027 ejus
783 1939 889 2006 finium
918 1940 1005 2006 haud
1029 1940 1130 2006 multo
1159 1942 1230 2026 plus
1256 1965 1298 2006 oc.

205 2039 343 2105 millibus
375 2062 522 2126 passuum
552 2040 685 2107 abesset.
749 2040 846 2106 Hunc
865 2041 967 2106 virum
989 2047 1021 2105 et
1040 2040 1123 2107 hanc
1143 2042 1301 2127 regionem

204 2141 350 2227 proximo
364 2163 445 2205 anno
461 2141 590 2207 diversis
610 2164 627 2205 e
648 2141 790 2227 partibus
812 2142 883 2207 Tib.
906 2141 1011 2215 Gaesar
1033 2141 1161 2227 aggredi
1176 2143 1300 2208 statuit.

206 2240 313 2306 Sentio
329 2241 497 2306 Saturnino
515 2242 709 2320 mandatum,
732 2250 769 2306 ut
788 2264 844 2327 per
864 2241 983 2320 Cattos,
1000 2240 1113 2307 excisis
1137 2243 1300 2307 continen-

204 2342 289 2408 tibus
307 2341 476 2429 Hercyniae
490 2341 585 2422 silvis,
605 2342 741 2428 legiones
762 2342 977 2407 Boiohoemum
997 2342 1045 2425 (id
1058 2340 1187 2428 regioni,
1205 2366 1299 2427 quarn

206 2443 361 2508 incolebat
379 2441 603 2522 Maroboduus,
617 2465 731 2508 nomen
747 2443 810 2525 est)
831 2443 983 2518 duceret;
1007 2443 1072 2528 ipse
1088 2465 1109 2507 a
1126 2442 1298 2521 Carnunto,

203 2543 256 2627 qui
271 2543 357 2608 locus
376 2543 482 2608 Norici
503 2543 590 2628 regni
610 2543 771 2629 proximus
788 2544 830 2609 ab
844 2544 904 2609 hac
918 2553 1007 2629 parte
1022 2551 1099 2621 erat,
1116 2544 1298 2622 exercitum,

203 2643 256 2727 qui
271 2644 304 2708 in
320 2642 447 2731 Illyrico
461 2645 612 2723 merebat,
628 2644 742 2709 ducere
756 2644 788 2708 in
805 2644 1048 2709 Marcomannos
1062 2666 1150 2710 orsus
1165 2653 1223 2710 est.

609 2840 697 2881 vum..
713 2838 838 2881 aarum.
856 2839 891 2884 Π.

246 2936 396 3004 CXVII.
419 2937 557 3004 Tantum
579 2939 663 3024 quod
688 2939 832 3003 ultimam
849 2940 1040 3025 imposuerat
1058 2941 1239 3006 Pannonico
1259 2966 1297 3008 ac

186 3038 381 3104 'Delmatico
410 3039 491 3104 bello
525 3037 629 3104 Gaesar
657 3061 795 3117 manum,
826 3061 907 3116 cum,
941 3040 1024 3105 intra
1056 3042 1192 3125 quinque
1224 3064 1298 3105 con·

202 3138 350 3206 summati
379 3140 461 3204 tanti
485 3140 587 3225 operis
612 3139 687 3216 dies,
719 3139 849 3204 funestae
877 3161 918 3204 ex
950 3140 1121 3206 Germania
1149 3141 1297 3227 epistolae,

202 3239 272 3306 caesi
287 3239 375 3320 Vari,
389 3239 675 3324 trrroidatarumque
686 3239 842 3325 legionum
854 3240 950 3305 trium
963 3241 1156 3326 totidemque
1167 3241 1297 3321 alarum,

203 3349 236 3406 et
261 3363 318 3407 sex
347 3340 537 3406 cohortium:
561 3341 649 3406 relat
671 3340 704 3404 in
726 3340 786 3404 hoc
811 3340 923 3405 saltem
950 3342 1170 3406 tantummodo
1196 3343 1298 3407 indul-

202 3449 297 3529 gente
313 3442 403 3508 nobis
421 3441 574 3515 Fortuna,
597 3463 637 3505 ne
658 3448 811 3527 occupato
834 3440 922 3506 duce.
975 3440 1039 3507 Sed
1057 3464 1152 3508 causa
1174 3451 1206 3507 et
1228 3466 1300 3529 per·

202 3565 278 3608 sona
299 3565 420 3607 moram
446 3541 556 3628 exigit.
609 3540 715 3607 Varus
736 3541 933 3624 Quinctilius,
952 3543 1048 3608 nobili
1068 3544 1177 3630 magis,
1204 3566 1298 3628 quam

202 3643 315 3709 illustri
337 3651 424 3708 onus
446 3642 576 3718 familia,
604 3643 653 3707 vir
676 3642 799 3728 ingenio
823 3642 918 3721 mitis,
941 3643 1080 3709 moribus
1103 3645 1236 3728 quietus,
1259 3652 1297 3709 ut

202 3765 341 3829 corpore,
363 3743 412 3808 ita
433 3742 538 3807 animo
565 3741 763 3820 immobilior,
785 3743 850 3808 otio
871 3743 972 3829 magis
994 3752 1177 3823 castrorum,
1204 3767 1298 3829 quam

201 3842 320 3909 bellicae
341 3850 483 3909 monetas
504 3843 645 3909 militiae:
669 3842 808 3929 pecunia
828 3866 902 3907 vero
921 3866 1015 3928 quam
1034 3866 1096 3909 non
1113 3852 1299 3920 contemtor,

203 3941 305 4031 Syria,
325 3944 375 4009 cui
389 3944 564 4030 praefuerat,
580 3944 772 4020 declaravit3
797 3967 891 4028 quam
905 3967 1024 4030 pauper
1038 3944 1167 4010 divitem
1181 3944 1300 4029 ingres-

201 4066 264 4121 sus,
290 4044 377 4109 dives
399 4067 567 4131 pauperem
590 4044 726 4130 reliquit.
777 4044 811 4110 Is
832 4067 904 4109 cum
921 4044 1082 4123 exercitui,
1105 4046 1158 4129 qui
1181 4045 1298 4110 eratin

202 4143 383 4221 Germania,
397 4153 552 4231 praeesset,
569 4145 712 4231 concepit
722 4168 788 4211 esse
799 4145 952 4221 homines,
966 4145 1019 4229 qui
1031 4145 1109 4210 nihil
1121 4153 1234 4232 prater
1244 4168 1298 4210 vo-
1412 4180 1415 4185 ·

201 4266 269 4309 cem
281 4246 480 4331 membraque
491 4246 642 4311 haberent
652 4246 812 4311 hominum
826 4271 835 4321 ;
852 4245 966 4329 quique
974 4245 1087 4331 gladiis
1101 4245 1221 4310 domari
1233 4267 1298 4310 non

202 4353 358 4431 poterant,
378 4368 468 4432 posse
487 4343 560 4432 jure
579 4346 719 4411 mulceri.
767 4346 837 4428 Quo
854 4346 1012 4431 proposito
1028 4345 1164 4411 mediam
1181 4346 1298 4431 ingres-

202 4469 254 4512 sus
265 4445 476 4523 Germaniam,
491 4447 578 4511 velut
589 4445 671 4511 inter
681 4446 764 4512 viros
774 4446 860 4532 pacis
873 4446 1047 4531 gaudentes
1061 4445 1235 4524 dulcedine,
1245 4443 1298 4533 ju-

202 4545 440 4627 risdictionibus,
452 4546 632 4631 agendoque
645 4568 702 4631 pro
713 4546 860 4611 tribunali
876 4547 997 4622 ordine,
1015 4547 1161 4613 trahebat
1177 4546 1296 4613 aestiva.

246 4646 416 4711 CXVIII.
438 4645 488 4711 At
504 4646 559 4724 illi,
575 4647 657 4731 quod
674 4646 734 4712 nisi
751 4653 898 4732 expertus
914 4647 967 4712 vix
985 4646 1103 4726 credat,
1119 4649 1152 4713 in
1173 4669 1297 4714 summa

201 4747 326 4813 feritate
351 4746 564 4825 versutissimi,
591 4755 761 4832 natumque
790 4746 952 4813 mendacio
979 4771 1087 4834 genus,
1115 4747 1298 4814 simulantes

202 4847 292 4917 fictas
319 4847 423 4914 litium
445 4846 548 4928 series,
571 4856 604 4913 et
626 4871 709 4915 nunc
731 4858 935 4935 provocantes
955 4849 1036 4915 alter
1055 4850 1189 4916 alterum
1216 4845 1300 4934 inju-
