2886 5378
558 845 838 903 ueruuoonunn.
1151 832 1239 902 xxiii

146 1008 261 1093 arguti,
290 1008 426 1075 motibus
453 1010 602 1097 expediti,
631 1017 662 1074 et
694 1010 736 1074 ad
763 1008 964 1093 equitandum
995 1010 1236 1097 promptissimi:

146 1110 279 1193 scapulis
294 1109 374 1187 latis,
388 1118 420 1175 et
435 1111 476 1175 ad
492 1132 582 1176 arcus
595 1110 786 1197 sagittasque
800 1109 920 1194 parati:
945 1107 1041 1176 firmis
1058 1111 1237 1190 crevicibus,

146 1216 178 1272 et
205 1209 349 1294 superbia
379 1233 500 1296 semper
530 1211 636 1275 erecti.
691 1209 737 1274 Hi
763 1233 835 1275 vero
862 1210 920 1275 sub
949 1209 1109 1275 hominum
1140 1209 1240 1297 figura

146 1309 256 1373 vivunt
278 1310 402 1375 beluina
422 1311 551 1377 saevitia.
596 1311 687 1393 Quod
708 1333 806 1396 genus
826 1309 1102 1396 expeditissimum,
1125 1313 1238 1377 multa-

147 1430 277 1492 rumque
308 1411 470 1477 nationum
493 1412 723 1498 grassatorium,
748 1410 838 1475 (leta
863 1419 899 1476 ut
924 1410 1079 1490 viderunt,
1104 1435 1238 1499 expave-

147 1518 258 1574 scunt:
282 1533 398 1596 suoque
421 1535 492 1577 eum
518 1535 591 1599 rege
618 1512 794 1586 diliberant‚
821 1511 953 1595 qualiter
974 1534 1006 1577 se
1029 1535 1049 1577 a
1072 1513 1128 1578 tali
1148 1513 1238 1578 hoste

147 1609 331 1675 subducant.
376 1611 458 1677 Nam
476 1612 700 1678 Hermaurieus
714 1635 770 1676 rex
785 1611 970 1689 Gothorum,
986 1612 1059 1678 licet
1075 1613 1126 1696 (ut
1148 1635 1237 1700 supe·

148 1709 212 1775 rius
235 1711 412 1798 retulimus)
439 1712 607 1781 multarum
630 1711 770 1798 gentium
794 1710 933 1776 extiterit
956 1712 1173 1799 triumphator,
1198 1714 1237 1779 de

150 1808 339 1877 Hunnorum
365 1821 470 1878 tamen
495 1814 634 1879 adventu
659 1812 734 1877 dum
758 1811 886 1898 cogitat,
905 1811 1137 1879 Roxolanorum
1160 1838 1238 1900 gens

148 1908 253 1989 infida,
270 1934 340 1996 quae
366 1922 442 1978 tuuc
466 1913 548 1978 iuter
570 1913 648 1978 alias
674 1912 860 1977 famulatum
886 1912 1063 1988 exhibebat,
1082 1915 1139 1979 tali
1164 1938 1236 1980 eum

146 2011 336 2077 nanciscitur
347 2015 506 2079 occasione
518 2013 669 2099 decipere.
713 2011 797 2076 Dum
811 2011 894 2075 euim
908 2011 1064 2096 quandam
1078 2013 1239 2079 mulierem

150 2111 276 2176 Sanielh
301 2114 426 2179 nomine
454 2136 494 2179 ex
520 2121 613 2200 gente
637 2118 818 2191 memorata,
836 2133 891 2199 pro
915 2112 1019 2177 mariti
1040 2113 1237 2180 fraudulento

150 2211 296 2291 discessu,
315 2236 370 2277 rex
392 2214 495 2279 furore
517 2221 701 2288 commotus,
724 2211 810 2296 equis
831 2212 984 2278 ferocibus
1005 2212 1168 2300 illigatam,
1191 2215 1237 2280 iu·

149 2313 313 2398 citatisque
336 2314 476 2381 cursibus
497 2338 552 2400 per
568 2313 691 2381 diversa
707 2311 812 2377 divelli
829 2311 1027 2398 praecipisset,
1045 2315 1157 2380 fratres
1171 2313 1238 2401 ejus

150 2411 246 2479 Sarus
266 2421 298 2478 et
314 2414 461 2480 Ammius
483 2436 638 2500 germana
663 2413 783 2478 obitum
806 2411 1008 2491 vindicantes,
1036 2412 1236 2480 Hermanrici

147 2511 229 2579 latus
250 2513 332 2578 ferro
353 2514 530 2598 petierunt:
555 2537 616 2599 quo
631 2512 756 2579 vulnere
778 2511 909 2589 saucius,
925 2534 1042 2598 aegram
1058 2515 1155 2581 vitam
1170 2538 1235 2580 cor-

147 2614 230 2697 poris
256 2613 469 2679 imbecillitate
495 2613 661 2680 eoutraxit.
712 2612 814 2694 Quam
841 2611 1003 2678 adversam
1029 2611 1096 2699 ejus
1121 2615 1237 2680 valetu-

146 2712 249 2778 dinem
269 2723 399 2800 captaus
416 2714 555 2780 Balamir
568 2737 625 2780 rex
641 2712 840 2791 Huuuomm,
855 2713 886 2777 iu
909 2713 1115 2799 Ostrogothus
1138 2716 1238 2781 movit
1257 2798 1262 2807 1

145 2814 357 2898 procinctum:
382 2837 554 2899 equorum
579 2814 726 2880 societate
742 2811 812 2898 jam
835 2813 1034 2899 Wesegothae
1059 2814 1235 2893 discessere,

147 2937 240 2998 quam
256 2914 374 2979 dudum
389 2915 471 2980 iuter
492 2938 526 2981 se
541 2913 646 3001 juncti
667 2913 836 2980 habebant.
881 2913 970 2978 luter
991 2914 1058 2979 haec
1081 2915 1236 2981 Herman-

145 3015 226 3080 ricus
240 3023 305 3080 tam
317 3015 453 3081 vulneris
467 3016 615 3092 dolorem,
629 3037 722 3099 quam
734 3012 829 3078 etiam
844 3012 1031 3080 incursiones
1046 3014 1234 3082 Hunnorum

145 3138 206 3179 non
237 3116 348 3194 ferens,
374 3116 559 3202 grandevus
588 3124 620 3180 et
649 3115 759 3199 plenus
788 3113 918 3191 dierum,
945 3116 1235 3182 centesimodecimo

143 3237 224 3280 anno
252 3217 326 3282 vitae
355 3238 419 3282 suae
446 3216 611 3282 defunctus
636 3224 695 3281 est.
745 3211 841 3300 Oujus
865 3213 975 3279 mortis
1001 3215 1120 3280 occasio
1146 3216 1233 3283 dedit

144 3314 270 3382 Huuuis
291 3316 458 3402 praevalere
480 3316 512 3381 in
535 3315 657 3382 Gothos
677 3314 754 3392 illos,
778 3335 854 3398 quoe
883 3313 1061 3380 dixeramus
1092 3316 1234 3383 orientali

143 3417 235 3503 plaga
251 3417 369 3493 sedere,
385 3426 418 3482 et
435 3417 641 3502 Ostrogothas
654 3413 836 3499 nuncupari.

188 3518 390 3603 Wesegothae
406 3516 512 3592 idest,
529 3517 583 3581 alii
599 3538 705 3581 eorum
719 3513 804 3591 socii,
828 3521 860 3577 et
881 3512 1001 3578 occidui
1018 3513 1074 3579 soli
1089 3513 1231 3592 cultores,

142 3626 229 3683 metu
259 3628 423 3703 pareutum
458 3616 609 3695 exterriti,
640 3615 788 3701 quidnam
813 3612 852 3676 de
881 3635 923 3691 se,
956 3623 1082 3700 propter
1105 3621 1232 3699 gentem

144 3718 333 3783 Hunnorum
351 3717 567 3794 deliberarent,
580 3715 801 3802 ambigebant:
830 3712 943 3797 diuque
957 3715 1141 3799 cogitantes,
1162 3723 1232 3780 tan·

145 3817 217 3881 dem
243 3818 400 3883 communi
425 3817 539 3902 placito
571 3818 690 3903 legatos
719 3815 760 3880 ad
790 3813 975 3878 Romaniam
1007 3814 1158 3891 direxere,
1189 3815 1231 3878 ad

146 3917 314 3982 Valentem
353 3918 586 4004 Imperatorem,
618 3917 746 3983 fratrem
778 3913 991 3979 Valentiniani
1029 3914 1232 3999 Imperatoris

143 4017 281 4094 senioris,
307 4028 343 4085 ut
362 4028 483 4104 partem
508 4017 648 4083 Thracia
670 4017 735 4083 sive
754 4015 871 4080 Moesiae
897 4015 922 4080 si
947 4013 1008 4079 illis
1029 4015 1166 4080 traderet
1188 4015 1230 4080 ad

143 4118 316 4194 colendum,
332 4118 398 4205 ejus
412 4118 532 4204 legibus
544 4117 694 4197 viverent,
709 4112 834 4201 ejusque
847 4114 983 4200 imperiis
996 4114 1211 4181 subderentur.

187 4218 280 4282 After
295 4219 369 4296 this,
387 4218 441 4284 the
455 4219 610 4283 narrative
625 4218 767 4283 becomes
781 4217 925 4302 properly
941 4215 1109 4295 historical,
1123 4215 1231 4303 giving

144 4319 197 4383 the
214 4319 335 4406 history
347 4318 384 4385 of
401 4320 456 4384 the
471 4317 573 4385 Goths
585 4317 623 4383 of
641 4317 764 4384 Mesia
793 4366 797 4374 -
