2886 5378
203 782 309 854 xcviii
473 789 755 847 censeamur
781 790 829 845 or
852 788 1019 844 merrus.

203 956 283 1020 tium
305 954 428 1041 agmine
450 951 600 1038 impulsa,
624 960 777 1016 auxerant
800 952 1100 1017 consternationem:
1128 950 1297 1015 trudeban-

205 1064 317 1138 turque
341 1055 374 1120 in
400 1052 546 1139 paludem
570 1074 700 1139 gnaram
723 1051 929 1131 vincentibus,
956 1053 1094 1137 iniquam
1120 1051 1240 1128 nesciis,
1265 1051 1299 1114 ni

207 1154 314 1221 Gaesar
340 1154 508 1241 productas
531 1151 667 1237 legiones
687 1152 904 1218 instruxisset:
930 1152 1002 1218 inde
1027 1152 1169 1218 hostibus
1186 1159 1297 1224 terror,

207 1252 321 1320 fiducia
336 1255 428 1320 militi
442 1279 448 1318 :
474 1261 506 1318 et
520 1251 663 1318 manibus
677 1254 772 1338 aequis
786 1254 973 1320 abscessum.
1020 1254 1101 1318 Mox
1114 1252 1245 1317 reducto
1258 1251 1300 1316 ad

208 1355 364 1421 Amisiam
390 1354 540 1431 exercitu,
568 1353 703 1438 legiones
730 1354 837 1430 classe,
867 1362 903 1418 ut
931 1354 1115 1430 advexerat,
1149 1360 1299 1437 reportat.

209 1456 290 1521 Pars
317 1457 457 1541 equitum
484 1455 574 1519 litore
598 1453 715 1520 Oceani
737 1463 842 1540 petere
858 1454 1002 1520 Rhenum
1013 1452 1113 1540 jussa.
1165 1452 1300 1529 Gaecina,

209 1556 262 1640 qui
277 1579 367 1622 suum
381 1555 514 1620 militem
526 1554 671 1633 ducebat,
684 1554 831 1633 monitus,
845 1577 1032 1639 quamquam
1045 1555 1128 1619 notis
1140 1553 1302 1619 itineribus

209 1656 434 1742 regrederetur,
451 1662 561 1740 pontes
583 1654 691 1741 longos
713 1677 807 1739 quam
829 1655 1011 1720 maturrime
1034 1677 1189 1740 superare.
1234 1653 1300 1717 Au-

210 1765 320 1842 gustus
347 1757 374 1821 is
401 1764 528 1832 trames,
553 1764 658 1821 vastas
685 1756 767 1820 inter
793 1755 933 1841 paludes,
963 1763 996 1820 et
1025 1755 1181 1840 qnondam
1209 1775 1230 1818 a
1262 1753 1301 1817 L.

211 1857 352 1921 Domitio
376 1862 560 1942 aggeratus:
585 1863 689 1922 cetera
715 1856 834 1934 limosa,
863 1855 986 1920 tenacia
1007 1855 1096 1942 gravi
1123 1877 1219 1932 coeno,
1246 1863 1303 1918 aut

212 1957 288 2022 rivis
313 1956 433 2022 incerta
458 1964 565 2022 erent:
598 1956 713 2021 circum
739 1956 824 2021 silvae
851 1955 1014 2042 paullatim
1041 1956 1196 2030 adclivcs;
1228 1977 1304 2040 quas

211 2065 280 2121 turn
295 2057 458 2123 Arminius
481 2057 632 2143 implevit,
657 2056 847 2143 compendiis
866 2058 996 2136 viarum,
1021 2064 1053 2121 et
1079 2057 1142 2121 cito
1167 2057 1303 2141 agmine,

211 2165 358 2222 onustum
382 2158 509 2224 sarcinis
532 2159 687 2242 armisque
712 2157 843 2223 militem
868 2179 939 2221 cnm
964 2158 1184 2223 antevenisset.
1237 2154 1304 2221 Gae-

212 2258 299 2336 ciuae,
316 2258 473 2323 dubitanti
502 2280 636 2342 quonam
660 2258 752 2324 modo
777 2264 885 2343 ruptos
899 2266 1056 2324 vetustate
1079 2266 1190 2344 pontes
1213 2278 1304 2341 repo-

212 2365 310 2434 neret,
340 2358 491 2443 simulque
525 2358 718 2444 propulsaret
755 2359 887 2436 hostem,
917 2357 1133 2425 castrametari
1168 2359 1202 2422 in
1238 2357 1305 2421 loco

214 2458 352 2544 placuit3
377 2467 414 2524 ut
428 2481 515 2544 opus,
531 2466 563 2523 et
578 2460 631 2524 ulii
648 2460 788 2546 proelinm
802 2459 983 2544 inciperent.

259 2558 389 2626 LXIV.
413 2559 544 2625 Barbari
565 2559 752 2646 perfringere
778 2561 937 2638 stationes,
953 2583 1046 2645 seque
1071 2558 1183 2624 inferre
1206 2557 1307 2622 muni-

214 2659 333 2723 toribus
355 2659 423 2736 nisi,
441 2659 606 2736 lacessunt,
624 2659 933 2744 circumgrediuntur‚
951 2667 1113 2726 occursant
1128 2684 1136 2723 t
1160 2659 1307 2724 miscetur

214 2758 410 2843 operantium
424 2758 667 2844 bellantiumque
682 2760 816 2824 clamor:
844 2769 877 2824 et
894 2769 1008 2825 cuncta
1022 2761 1138 2845 pariter
1158 2759 1308 2823 Romanis

214 2858 365 2933 adversa;
390 2857 477 2923 locus
497 2859 613 2944 uligine
634 2859 796 2944 profunda,
820 2860 903 2924 idem
925 2859 966 2924 ad
987 2860 1120 2946 gradum
1142 2859 1307 2934 instabilis,

217 2957 456 3042 procedentibus
478 2957 637 3033 lubricus;
666 2981 796 3044 corpora
816 2959 925 3044 gravia
949 2959 1061 3038 loricis,
1079 2982 1178 3043 neque
1195 2959 1307 3023 librare

216 3059 281 3143 pila
307 3057 389 3122 inter
413 3058 515 3124 undas
546 3065 701 3144 poteraut.
761 3058 879 3124 Contra
913 3059 1075 3126 Ohemscis
1105 3066 1195 3124 sueta
1222 3056 1307 3142 apud

218 3157 346 3244 paludes
371 3159 487 3244 proelia,
513 3181 639 3245 procera
662 3160 812 3238 membra,
833 3160 934 3225 hastae
959 3160 1100 3246 ingentes
1123 3159 1164 3224 ad
1179 3158 1309 3224 vulnera

216 3258 368 3338 facienda,
382 3260 522 3344 quamvis
535 3258 659 3345 procul:
677 3282 742 3324 uox
755 3260 880 3325 demum
893 3260 1076 3326 inclinantes
1089 3267 1157 3324 tum
1172 3259 1310 3344 legiones

218 3360 356 3426 adversa
378 3383 489 3446 pugna
512 3359 639 3426 exemit.
691 3359 839 3425 Germani
862 3362 902 3426 ob
924 3383 1070 3446 prospera
1091 3359 1247 3437 indefessi,
1270 3382 1309 3424 ne

218 3469 288 3525 tum
309 3461 434 3546 quidem
454 3470 579 3547 sumpta
601 3460 716 3546 quiete,
732 3469 884 3546 quantum
899 3484 1049 3546 aquarum
1066 3461 1309 3546 circumsurgen-

219 3561 304 3628 tibus
324 3559 411 3647 jugis
439 3563 549 3638 oritur,
576 3569 696 3627 vertere
721 3562 753 3626 in
778 3559 937 3648 subjecta:
965 3584 1127 3646 mersaque
1149 3562 1255 3638 humo,
1277 3568 1310 3625 et

219 3662 331 3725 obruto
346 3661 429 3745 quod
444 3661 588 3726 effectum
603 3663 715 3747 operis,
730 3662 907 3748 duplicatus
919 3663 1012 3727 militi
1026 3663 1125 3727 labor.
1171 3661 1311 3743 Quadra·

220 3762 372 3846 gesimum
405 3760 438 3826 id
471 3762 660 3848 stipendium
695 3761 819 3828 Oaecina
851 3763 980 3849 parendi
1017 3770 1074 3828 aut
1111 3759 1311 3847 imperitandi

97 3925 101 3931 .
220 3861 377 3926 habebat:
411 3862 617 3927 secundarum
645 3863 923 3948 ambiguarumque
950 3885 1054 3928 rerum
1079 3863 1188 3939 sciens,
1215 3883 1313 3946 eoque

220 3961 390 4027 interritus.
451 3962 554 4049 Igitur
576 3963 683 4027 futura
704 3964 841 4041 volvens,
867 3986 929 4028 non
952 3963 1038 4029 aliud
1064 3963 1189 4048 reperit,
1217 3984 1312 4047 quam

219 4070 255 4126 ut
278 4062 402 4127 hostem
418 4063 504 4128 silvis
518 4071 682 4143 coerceret,
701 4064 799 4129 donec
813 4065 920 4142 saucii,
936 4071 1149 4149 quantumque
1163 4061 1314 4150 gravioris

220 4163 361 4248 agminis,
378 4164 551 4229 anteirent:
577 4187 650 4229 uam
668 4164 770 4230 medio
785 4165 940 4231 montium
955 4172 988 4228 et
1002 4164 1152 4250 paludum
1176 4163 1312 4249 porrige·

220 4263 313 4327 batur
338 4264 495 4348 planicies,
523 4287 593 4349 quae
621 4274 745 4329 tenuem
774 4266 873 4330 aciem
897 4273 1068 4351 pateretur.
1122 4263 1312 4348 Deliguntur

221 4364 367 4448 legiones,
396 4365 504 4448 quinta
526 4364 637 4428 dextro
652 4365 741 4429 lateri
754 4392 763 4440 ;
788 4365 1031 4431 unoetvicesima
1045 4365 1077 4429 in
1092 4363 1225 4438 laevum;
1250 4363 1310 4447 pri·

220 4465 306 4528 mani
321 4464 497 4529 ducendum
512 4465 553 4529 ad
568 4487 700 4549 agmen;
725 4466 931 4532 vicesimanus
945 4466 1112 4531 adversum
1126 4470 1296 4529 secuturos.

266 4563 377 4628 LXV.
402 4564 474 4629 Nox
486 4588 542 4649 per
562 4565 683 4631 diversa
705 4566 843 4651 inquies:
863 4590 934 4631 cum
946 4565 1071 4630 barbari
1091 4564 1179 4630 festis
1204 4563 1312 4649 epulis,

221 4666 293 4729 laeto
313 4673 416 4742 cautu,
433 4672 489 4729 aut
512 4666 593 4730 truci
619 4689 727 4731 sonore
753 4664 893 4753 subjecta
916 4654 1043 4732 vallium
1067 4687 1104 4730 ac
1126 4664 1314 4731 resultantes

220 4766 318 4834 saltus
333 4766 541 4851 complerent;
567 4767 651 4852 apud
674 4767 832 4832 Romanos
852 4767 981 4833 invalidi
1004 4767 1101 4852 ignes,
1129 4766 1312 4850 interruptae
