2886 5378
172 864 273 935 lxviii
448 873 524 928 nnn
546 870 729 926 casuum
755 868 803 926 on
828 870 996 927 crenus.

172 1041 319 1109 simulata
359 1037 513 1102 Gaesarem
555 1032 704 1108 amicitia,
750 1032 832 1117 qnod
874 1035 1047 1099 exercitum
1088 1035 1119 1098 in
1163 1031 1267 1097 Gallia

172 1142 300 1213 habeat,
328 1137 375 1202 sni
409 1133 603 1222 opprimendi
634 1125 743 1198 caussa
772 1134 897 1200 habere.
943 1135 1004 1218 Qui
1039 1134 1097 1200 nisi
1134 1133 1266 1198 decedat

172 1250 267 1325 atque
289 1236 462 1302 exercitum
488 1234 624 1298 deducat
652 1257 692 1298 ex
713 1233 762 1298 his
789 1234 974 1318 regionibus,
1001 1258 1067 1300 sese
1090 1234 1177 1299 illum
1203 1256 1267 1298 non

173 1363 229 1427 pro
254 1339 365 1414 amico,
390 1335 445 1401 sed
471 1357 526 1420 pro
548 1335 638 1399 hoste
662 1334 862 1399 habiturum:
904 1335 986 1419 quod
1013 1336 1038 1400 si
1075 1358 1147 1399 eum
1172 1334 1267 1399 inter-

172 1439 290 1517 fecerit,
327 1436 435 1502 mnltis
459 1458 526 1501 sese
547 1434 702 1500 nobilibus
733 1434 981 1520 principibusque
1003 1436 1109 1521 populi
1131 1434 1266 1499 Romani

172 1548 298 1627 gratum
324 1560 390 1603 esse
413 1536 589 1600 facturum:
627 1534 660 1598 id
688 1557 720 1599 se
758 1535 798 1599 ab
821 1535 896 1621 ipsis
919 1559 973 1622 per
1007 1559 1114 1601 eorum
1136 1536 1267 1600 nuncios

172 1646 366 1725 compertum
391 1636 515 1715 habere,
543 1659 674 1719 quornm
698 1635 837 1700 omnium
863 1638 997 1721 gratiam
1030 1645 1125 1721 atque
1161 1635 1267 1700 amici-

173 1741 251 1804 tiam
277 1735 343 1824 ejus
368 1744 468 1801 morte
491 1736 642 1800 redimere
678 1746 793 1821 posset.
847 1737 939 1818 Quod
966 1738 992 1802 si
1017 1736 1197 1802 decessisset
1234 1744 1266 1800 et

172 1839 302 1904 liberam
342 1837 566 1924 possessionem
615 1836 726 1901 Galliae
765 1837 824 1902 sibi
858 1837 1046 1916 tradidisset,
1084 1859 1199 1922 magno
1234 1859 1267 1901 se

173 1939 262 2003 illum
277 1938 403 2022 praemio
418 1945 687 2002 remuneraturum
711 1944 752 2016 et,
769 1960 968 2022 quaecumque
984 1937 1063 2003 bella
1077 1937 1144 2023 geri
1162 1936 1265 2014 vellet,

172 2038 238 2104 sinc
255 2038 318 2102 ullo
334 2035 400 2123 ejus
414 2036 518 2101 labore
536 2046 568 2100 et
583 2037 717 2122 periculo
733 2038 974 2105 coniecturum.”

219 2137 332 2203 XLV.
359 2137 465 2202 Multa
486 2137 526 2201 ab
551 2135 672 2202 Caesare
695 2138 728 2202 in
749 2161 818 2202 eam
847 2139 1034 2204 sententiam
1064 2137 1150 2204 dicta
1181 2145 1264 2215 sunt,

174 2262 269 2324 qnare
291 2232 429 2325 negotio
443 2237 591 2302 desistere
612 2260 673 2303 non
699 2247 814 2323 posset,
841 2246 872 2303 et
888 2246 1017 2324 “neque
1040 2263 1140 2313 snam,
1166 2262 1265 2323 neque

173 2339 280 2424 populi
296 2338 429 2403 Romani
444 2338 697 2404 consuetudinem
713 2340 790 2424 pati,
807 2339 853 2403 uti
879 2340 995 2425 optime
1018 2341 1145 2404 meritos
1167 2340 1265 2404 socios

174 2438 352 2505 desereret:
380 2462 480 2523 neque
501 2462 534 2504 se
553 2437 706 2525 judicare,
723 2439 858 2504 Galliam
881 2442 985 2526 potius
1008 2463 1074 2506 esee
1101 2439 1264 2517 Ariovisti,

175 2562 268 2624 quam
278 2540 383 2625 populi
397 2539 542 2604 Romani.
570 2539 657 2604 Bello
669 2548 831 2626 superatos
842 2563 907 2606 esse
915 2541 1071 2606 Arvernos
1082 2548 1114 2605 et
1125 2541 1266 2605 Rutenos

174 2640 215 2704 ab
247 2640 284 2721 Q.
311 2640 411 2704 Fabio
433 2639 588 2715 Maximo,
611 2641 722 2725 quibus
742 2641 874 2727 populus
893 2640 1054 2706 Romanus
1084 2641 1263 2727 ignovisset,

174 2762 272 2824 neque
290 2741 322 2805 in
338 2739 529 2825 provinciam
542 2740 723 2824 redegisset,
741 2764 841 2825 neque
857 2742 1045 2826 stipendium
1056 2741 1266 2826 imposuisset.

174 2839 267 2922 Quod
299 2841 324 2905 si
356 2839 604 2923 antiquissimum
626 2839 768 2925 qnodque
793 2850 916 2926 tempus
939 2843 1071 2926 spectari
1097 2848 1265 2925 oporteret,

173 2941 279 3027 populi
293 2939 426 3004 Romani
445 2937 654 3024 justissimum
677 2963 741 3004 esse
764 2941 796 3003 in
818 2940 920 3004 Gallia
936 2941 1118 3026 imperium:
1144 2943 1169 3005 si
1179 2940 1266 3028 judi·

174 3042 257 3106 cium
274 3048 400 3106 senatus
412 3038 568 3105 observari
583 3047 748 3124 oporteret,
765 3039 894 3104 liberam
910 3040 1022 3105 debere
1035 3063 1101 3106 esse
1118 3040 1264 3119 Galliam,

175 3164 270 3227 qnam
286 3141 366 3205 bello
383 3140 498 3204 victam
513 3140 576 3204 suis
593 3139 713 3224 legibus
726 3141 772 3204 uti
789 3140 966 3206 voluisset.''

220 3241 351 3306 XLVI.
382 3240 468 3305 Dum
503 3240 571 3304 haee
600 3240 633 3303 in
666 3240 817 3325 colloquio
846 3249 1007 3327 geruntur,
1041 3240 1154 3307 (lassari
1184 3265 1266 3305 nun·

176 3344 293 3409 cistum
318 3350 376 3420 est,
406 3340 525 3424 equites
548 3338 701 3406 Ariovisti
727 3342 852 3426 propius
877 3340 1032 3406 tumulum
1059 3341 1206 3406 accedere
1234 3352 1266 3407 et

175 3444 362 3510 adnostros
385 3441 574 3526 adequitare,
602 3441 721 3526 lapides
749 3442 871 3527 telaque
895 3443 927 3507 in
956 3449 1079 3508 nostros
1106 3441 1266 3528 conjicere.

178 3545 281 3611 Gaesar
296 3542 441 3628 loquendi
456 3540 549 3605 finem
569 3542 644 3607 fecit
666 3565 760 3627 seque
784 3542 826 3607 ad
851 3567 923 3608 suos
939 3543 1056 3628 recepit
1071 3544 1193 3629 suisque
1209 3544 1267 3608 im·

177 3645 309 3731 pererit,
336 3667 375 3708 ne
401 3642 484 3727 quod
509 3643 634 3707 omnino
654 3644 752 3708 telum
778 3644 810 3708 in
836 3644 940 3709 hostes
966 3642 1139 3730 rejicerent.
1185 3643 1266 3708 Nam

178 3745 237 3810 etsi
252 3745 317 3810 sine
332 3743 395 3808 ullo
422 3742 557 3829 periculo
579 3743 708 3830 legionis
729 3744 857 3809 delectae
873 3767 943 3809 cnm
960 3744 1101 3829 equitatu
1126 3743 1267 3830 proelium

176 3846 242 3911 fore
268 3845 417 3918 videbat;
440 3852 546 3909 tamen
570 3845 827 3909 committendum
852 3867 914 3908 non
941 3845 1085 3930 putabat,
1111 3853 1156 3922 ut,
1173 3844 1269 3930 pulsis

177 3945 329 4023 hostibus,
346 3945 409 4010 dici
427 3954 542 4030 posset,
561 3967 613 4010 eos
632 3945 672 4009 ab
689 3968 722 4010 se
737 3969 792 4031 per
807 3944 900 4009 fidem
915 3945 947 4010 in
962 3944 1112 4029 colloquio
1137 3944 1267 4008 circum·

179 4055 299 4111 ventos.
345 4045 555 4130 Posteaquam
590 4045 623 4109 in
650 4046 761 4129 vulgus
797 4045 932 4110 militum
972 4046 1091 4111 elatum
1123 4055 1181 4123 est,
1207 4068 1268 4129 qua

178 4146 364 4231 adrogantia
380 4146 411 4210 in
437 4146 586 4230 colloquio
603 4146 781 4212 Ariovistus
802 4169 876 4212 usus
897 4146 981 4211 omni
999 4146 1102 4211 Gallia
1117 4145 1270 4211 Romanis

177 4247 400 4320 interdixisset,
430 4246 641 4331 impetumque
671 4247 704 4311 in
731 4254 853 4312 nostros
883 4245 950 4332 ejus
982 4247 1095 4331 equitis
1126 4245 1270 4311 fecissent

180 4370 276 4431 caque
300 4370 350 4412 res
373 4347 558 4430 colloquium
585 4356 621 4411 ut
650 4346 842 4412 diremisset:
872 4348 972 4411 multo
997 4344 1096 4432 major
1126 4346 1271 4412 alacritas

178 4446 379 4530 studiumque
393 4447 552 4532 pugnandi
566 4445 668 4533 majus
682 4447 822 4512 exercitu
836 4445 984 4532 injectum
1000 4456 1056 4512 est.

225 4546 376 4612 XLVII.
414 4546 517 4610 Biduo
550 4556 620 4631 post
652 4547 830 4612 Ariovistus
874 4548 915 4611 ad
958 4546 1112 4612 Gaesarem
1154 4547 1274 4632 legatos

179 4648 290 4723 mittit,
307 4648 384 4712 velle
408 4645 562 4712 sedebis
584 4647 685 4726 rebus,
701 4671 769 4731 quae
792 4648 873 4712 inter
890 4670 942 4713 eos
963 4647 1014 4734 agi
1038 4656 1155 4733 aoeptae,
1174 4670 1273 4732 neque

180 4749 328 4835 perfecta
345 4755 459 4824 essent,
479 4770 571 4832 agere
586 4771 657 4813 cunr
674 4771 724 4812 eo:
748 4747 796 4812 uti
823 4756 879 4813 aut
893 4748 1008 4814 iterum
1023 4749 1174 4833 colloquio
1190 4747 1273 4813 diem

180 4849 404 4925 constitueret3
429 4855 495 4927 aut,
511 4848 537 4914 si
562 4848 595 4913 id
622 4849 724 4916 minus
739 4849 843 4929 vellet,
860 4873 899 4915 ex
924 4849 987 4916 suis
1012 4848 1125 4935 legatis
1140 4849 1274 4933 aliquem
