2886 5378
176 815 289 885 xxviii
453 830 530 885 rus
552 828 733 886 canuam
759 831 808 887 or
832 830 994 889 aremus.

222 992 302 1058 VII.
328 991 429 1078 Igitur
450 993 564 1078 egressi
586 992 625 1056 de
653 992 861 1058 Scandinavia
886 993 1009 1072 Winili,
1031 1016 1102 1058 cum
1134 993 1208 1059 Ibor
1237 1004 1271 1060 et

176 1094 292 1179 Ayone
317 1093 458 1173 ducibus,
485 1093 517 1156 iu
542 1094 699 1178 regionem
722 1116 790 1177 quae
814 1094 989 1179 appellatur
1013 1093 1162 1180 Seoringa
1182 1095 1271 1160 veni·

176 1201 275 1270 entes,
301 1216 357 1278 par
380 1215 477 1259 annos
503 1193 565 1258 illio
590 1193 707 1278 aliquot
728 1193 943 1259 consedemnt.
997 1194 1055 1260 Illo
1069 1195 1175 1280 itaque
1191 1207 1271 1260 tem-

175 1317 249 1379 pore
277 1293 391 1358 Ambri
420 1302 452 1358 et
479 1293 562 1372 Assi,
594 1293 824 1359 Wandalorum
850 1294 954 1370 duces,
986 1295 1102 1361 vicinas
1131 1319 1268 1381 quasque

175 1395 349 1481 provincias
375 1393 456 1458 bello
482 1394 673 1479 premebant.
734 1393 780 1459 Hi
800 1392 868 1480 jam
893 1394 1001 1460 multis
1024 1395 1097 1460 elati
1121 1396 1269 1474 victoriis,

173 1495 302 1560 nuncios
322 1494 364 1558 ad
381 1493 518 1558 Winilos
539 1493 681 1570 mittunt,
699 1503 736 1558 ut
757 1502 813 1558 aut
835 1495 955 1560 tributa
972 1496 1139 1561 Wandalis
1153 1497 1268 1581 persol-

174 1604 292 1674 verent,
308 1603 364 1659 aut
385 1616 418 1659 se
440 1594 481 1658 ad
503 1594 576 1658 belli
592 1593 761 1659 certamina
775 1604 993 1679 praepararent.
1040 1596 1130 1660 Tunc
1146 1596 1220 1661 Ibor
1235 1605 1268 1661 et

176 1695 260 1781 Ayo,
276 1695 436 1760 adnitente
452 1702 552 1759 matre
576 1694 743 1772 Gambara,
760 1693 932 1759 deliberant
953 1695 1063 1762 melius
1085 1720 1150 1763 esse
1172 1697 1267 1763 armis

174 1794 351 1860 libertatem
368 1793 459 1872 tueri,
482 1817 575 1879 quam
600 1794 788 1859 tributorum
812 1794 942 1859 eandem
967 1796 1119 1862 solutione
1142 1797 1266 1875 foedare,

174 1896 326 1960 mandant
348 1918 404 1980 per
424 1895 543 1981 legatos
568 1895 744 1972 Wandalis,
768 1903 959 1981 pugnaturos
981 1919 1014 1962 se
1037 1896 1150 1982 potius,
1172 1919 1265 1982 quam

175 1995 352 2061 servituros.
404 1994 505 2060 Erant
520 1995 671 2079 siquidem
686 2004 761 2061 tunc
778 1994 892 2059 Winili
906 1996 1040 2062 universi
1061 2006 1153 2062 aetate
1172 1996 1266 2082 juve·

173 2095 228 2160 uili
245 2092 398 2174 florentes,
416 2096 472 2161 sed
488 2118 616 2160 numero
627 2096 753 2181 exigui;
778 2095 891 2181 quippe
910 2097 961 2180 qui
976 2098 1067 2162 unius
1083 2120 1146 2162 non
1162 2096 1267 2163 nimiae

173 2195 386 2281 amplitudinis
401 2196 518 2274 insulae,
534 2196 629 2260 tertia
642 2195 835 2260 solummodo
850 2196 1002 2281 particula
1017 2197 1142 2262 firerint.

217 2296 318 2362 VIII.
340 2296 449 2361 Refert
470 2296 529 2360 hoc
551 2295 618 2360 loco
640 2296 811 2380 antiquitas
832 2295 994 2361 ridiculam
1007 2297 1162 2362 fabulam:
1182 2298 1265 2381 quod

172 2397 354 2462 accedentes
372 2396 524 2461 Wandali
546 2395 586 2460 ad
605 2396 742 2473 Wodan,
766 2396 928 2460 victoriam
951 2396 989 2460 de
1009 2396 1136 2463 Winilis
1157 2407 1264 2484 postu·

172 2498 314 2574 laverint,
339 2498 449 2581 illeque
472 2494 676 2583 responderit,
701 2518 734 2560 se
756 2495 816 2561 illis
835 2496 998 2561 victoriam
1013 2497 1170 2573 daturum,
1187 2521 1265 2582 quos

173 2598 307 2682 primum
329 2598 447 2662 oriente
469 2596 533 2662 sols
549 2596 777 2681 conspexisset:
803 2605 877 2660 tunc
892 2598 1055 2663 accessisse
1073 2599 1263 2664 Gambaram

172 2697 213 2761 ad
239 2697 361 2775 Fream,
385 2720 515 2762 uxorem
533 2696 671 2774 Wodan,
695 2704 728 2760 et
747 2695 875 2761 Winilis
895 2697 1056 2762 victoriam
1081 2699 1262 2783 postulasse,

174 2797 346 2881 Freemque
367 2799 528 2863 consilium
551 2797 682 2874 dedisse,
708 2806 743 2861 ut
760 2796 951 2862 Winilorum
976 2799 1128 2864 mulieres.
1147 2799 1263 2866 solutos

172 2898 270 2962 crines
292 2920 366 2983 erga
386 2898 497 2962 faciem
519 2896 560 2961 ad
583 2897 686 2961 barbae
703 2896 935 2962 similitudinem
953 2906 1181 2984 componerent,
1197 2922 1262 2963 ma·

172 3020 271 3082 neque
294 2998 393 3082 primo
419 3020 490 3062 cum
512 2996 586 3061 viris
611 2996 765 3073 adessent,
790 3019 915 3081 seseque
932 3021 952 3062 a
969 2999 1097 3063 Wodan
1112 3000 1262 3066 videndas

171 3097 288 3183 pariter
312 3122 329 3161 e
343 3097 477 3183 regione,
493 3119 555 3181 qua
570 3096 622 3160 ille
637 3119 692 3180 per
705 3096 882 3169 fenestram,
897 3097 1046 3163 orientem
1062 3122 1178 3174 versus,
1194 3108 1262 3164 erat

171 3197 281 3264 solitus
295 3197 463 3281 adspicere,
481 3197 684 3275 collocarent:
711 3204 805 3280 atque
821 3197 868 3262 ita
888 3198 1007 3263 factum
1028 3198 1131 3265 firisse.
1175 3200 1261 3282 Quas

171 3321 242 3362 cum
266 3298 394 3362 Wodan
416 3298 606 3383 conspiceret
630 3296 749 3360 oriente
774 3297 847 3375 sole,
874 3297 1007 3364 dixisse:
1034 3300 1096 3380 Qui
1116 3310 1186 3366 sacru
1208 3301 1262 3366 asti

170 3398 393 3486 Loopodordi?
451 3398 540 3463 Tunc
567 3396 595 3459 F
597 3420 682 3461 ream
709 3394 914 3484 subjunxisse,
939 3408 976 3464 ut
1007 3401 1118 3483 quibus
1148 3423 1261 3466 nomen

170 3498 334 3579 tribuerat,
360 3499 524 3564 victoriam
545 3497 754 3562 condonaret:
782 3499 886 3583 sicque
911 3499 1039 3565 Winilis
1062 3499 1191 3564 Wodan
1217 3501 1261 3564 vi·

171 3601 301 3665 ctoriam
318 3600 510 3665 concessisse.
557 3597 636 3664 Haee
658 3596 721 3662 risu
744 3597 838 3683 digna
859 3606 940 3677 sunt,
958 3610 989 3664 et
1011 3600 1181 3684 pronihilo
1203 3601 1261 3664 ha-

169 3701 281 3766 benda.
327 3699 469 3764 Victoria
485 3699 566 3764 enim
583 3721 645 3763 non
668 3699 817 3783 potestati
840 3707 887 3763 est
909 3698 1068 3765 adtributa
1090 3701 1260 3781 hominum,

170 3801 225 3866 sed
240 3824 257 3865 e
273 3799 348 3865 coelo
364 3799 468 3886 potius
482 3799 684 3864 ministratur.

192 3901 281 3966 .1X.
304 3900 431 3966 (lartum
466 3909 571 3964 tamen
601 3905 648 3963 est
683 3897 915 3983 Lougobardos,
946 3901 987 3965 ab
1016 3900 1142 3965 intaotae
1176 3900 1259 3966 ferro

169 4001 271 4066 baroae
287 3999 490 4086 longitudine,
506 4022 577 4064 cum
591 3997 735 4083 primitus
753 3998 866 4062 Winili
882 3998 956 4063 dicti
971 4000 1095 4077 fuerim,
1112 4001 1159 4065 ita
1173 4009 1259 4086 post·

170 4101 297 4165 modum
309 4100 491 4185 appellatos.
518 4100 600 4163 Nam
610 4094 706 4184 juxta
720 4097 842 4163 illorum
858 4099 1004 4185 linguam,
1019 4102 1111 4187 Lcup
1125 4102 1256 4187 toccum,

170 4202 253 4264 Bart
278 4199 403 4265 borbum
426 4197 590 4285 significat.
642 4197 773 4263 Wodan
800 4222 883 4277 sane,
906 4223 998 4283 quem
1019 4199 1143 4286 adjecta
1166 4201 1258 4266 litera

170 4300 313 4364 Gwodan
339 4300 496 4373 dixerunt,
523 4298 588 4382 ipse
614 4306 670 4374 est,
699 4299 752 4381 qui
780 4298 863 4383 apud
892 4299 1048 4364 Romanos
1081 4301 1258 4367 Mercurius

170 4399 293 4478 dicitur,
309 4414 342 4465 et
356 4401 396 4464 ab
411 4398 561 4463 universis
579 4397 753 4462 Germaniae
770 4398 915 4483 gentibus
931 4409 967 4464 ut
985 4400 1061 4465 deus
1083 4401 1253 4477 adoratur:

168 4501 220 4587 qui
237 4522 299 4565 nou
316 4498 396 4564 circa
420 4500 486 4563 haec
508 4507 658 4584 tempora,
681 4498 736 4563 sed
758 4498 849 4585 longe
871 4501 1019 4577 anterius,
1041 4523 1099 4566 nec
1123 4502 1157 4566 in
1179 4501 1257 4566 Ger-

168 4601 281 4678 mania,
296 4600 397 4665 sedin
413 4599 534 4665 Grraecia
547 4599 641 4664 fuisso
654 4597 843 4683 perhibetur.

213 4702 259 4767 X.
287 4701 398 4766 Winili
413 4701 518 4786 igitur,
536 4700 589 4785 qui
606 4708 638 4762 et
655 4698 864 4784 Longobardi,
884 4699 1046 4766 commisso
1062 4724 1132 4765 cum
1152 4701 1255 4766 Wan-

167 4803 245 4870 dalis
266 4803 382 4889 proelio,
405 4801 526 4880 acriter,
547 4806 656 4887 utpote
678 4821 734 4884 pro
756 4798 909 4866 libertatis
930 4800 1028 4887 gloria
1046 4801 1251 4880 decertantes,
