2886 5378
564 831 855 888 inconsonum.
1198 818 1259 887 lxv

164 995 265 1061 facere
284 993 483 1082 adroganter,
501 1015 596 1077 quum
623 1002 678 1058 aut
704 992 742 1057 de
765 991 865 1058 officio
883 993 1079 1085 imperatoris
1098 996 1260 1081 desperare

164 1106 220 1162 aut
242 1097 439 1182 praescribere
453 1095 644 1160 riderentur.
690 1093 769 1159 Haec
784 1094 842 1159 sibi
858 1117 923 1160 esse
939 1118 1042 1170 curae;
1068 1097 1260 1162 frumentum

166 1197 335 1281 Sequanos,
362 1198 491 1273 Leucos,
521 1194 679 1281 Lingonas
702 1195 957 1273 subministrare,
982 1194 1110 1282 jamque
1138 1220 1203 1263 esse
1228 1198 1259 1262 in

165 1298 248 1383 agris
261 1297 420 1362 frumenta
434 1303 580 1371 matura,
606 1294 644 1359 de
675 1296 784 1360 itinere
811 1297 894 1380 ipsos
911 1296 996 1361 brevi
1014 1305 1154 1384 tempore
1174 1296 1261 1383 judi-

165 1407 297 1463 caturos.
342 1397 434 1479 Quod
451 1419 512 1461 uon
535 1396 600 1460 fore
623 1396 707 1460 dicto
722 1395 885 1461 audientes
908 1397 1033 1476 milites,
1047 1420 1145 1482 neque
1173 1399 1261 1483 signa

166 1497 259 1563 laturi
274 1497 429 1574 dicantur,
446 1496 522 1561 nihil
545 1519 578 1561 se
601 1519 637 1560 ea
652 1520 685 1561 re
702 1497 909 1562 commoveri:
934 1497 1011 1562 scire
1027 1499 1119 1577 enim,
1134 1499 1259 1583 quibus·

167 1621 298 1682 cumque
314 1599 469 1664 exercitus
484 1598 568 1662 dioto
582 1596 711 1662 audiens
726 1620 787 1661 non
803 1597 907 1674 fuerit,
923 1607 989 1677 ant,
1007 1600 1088 1663 male
1112 1623 1144 1663 re
1159 1609 1258 1684 gesta,

165 1699 322 1763 fortunam
340 1698 493 1773 defuisse,
520 1707 586 1775 aut,
612 1697 715 1781 aliquo
736 1697 872 1761 facinore
898 1707 1066 1783 comperto,
1094 1700 1258 1764 avaritiam

166 1822 231 1865 esse
246 1801 430 1866 convictam.
483 1798 577 1862 Suam
594 1798 803 1862 innocentiam
820 1807 970 1884 perpetua
985 1799 1060 1878 vita,
1076 1800 1258 1865 felicitatem

166 1898 386 1966 Helvetiorum
410 1899 492 1965 bello
509 1921 574 1964 esse
597 1906 802 1984 perspectam.
848 1890 961 1982 Itaque
984 1923 1026 1977 se,
1044 1900 1125 1984 quod
1142 1902 1172 1965 in
1194 1901 1258 1964 lon·

163 2000 282 2086 giorem
308 2001 391 2065 diem
419 2000 586 2064 collaturus
618 2007 708 2077 esset,
735 2006 1031 2083 repraesentaturum
1058 2010 1090 2066 et
1116 2001 1260 2086 proxima

164 2111 254 2166 nocte
284 2100 323 2165 de
349 2110 462 2185 quarta
485 2100 591 2185 vigilia
616 2108 717 2167 castra
742 2108 912 2176 moturum,
941 2108 976 2165 ut
1006 2124 1100 2185 quam
1124 2102 1257 2186 primurn

164 2200 336 2288 intelligere
357 2208 471 2287 posset,
497 2211 602 2266 utrum
623 2200 706 2285 apud
732 2222 784 2264 eos
808 2200 908 2285 pudor
932 2209 1025 2284 atque
1052 2200 1195 2280 officium,
1218 2226 1258 2266 an

163 2302 257 2367 timor
274 2302 402 2367 valeret.
454 2301 545 2382 Quod
572 2301 598 2366 si
625 2309 774 2385 praeterea
796 2323 887 2363 nemo
912 2311 1070 2385 sequatur,
1094 2311 1198 2366 tamen
1226 2326 1258 2367 se

165 2423 237 2466 cum
260 2402 325 2468 sola
350 2401 471 2467 decima
486 2401 605 2487 legione
620 2402 747 2478 iturum,
767 2400 805 2463 de
828 2423 888 2484 qua
903 2423 965 2465 non
981 2400 1161 2476 dubitaret;
1186 2402 1258 2468 sibi·

165 2525 224 2586 que
246 2525 314 2568 eam
330 2502 508 2588 praetoriam
526 2503 684 2566 cohortem
700 2500 869 2567 futuram.”
921 2500 1007 2565 Huic
1024 2502 1137 2587 legioni
1155 2503 1259 2568 Oaesar

165 2610 197 2666 et
237 2602 405 2668 indulserat
448 2603 613 2689 praecipue,
655 2609 687 2666 st
729 2609 856 2687 propter
895 2601 1044 2667 virtutem
1082 2601 1258 2668 confidebat

162 2703 312 2770 maxime.

211 2802 308 2870 XLI.
332 2803 406 2869 Hac
433 2805 573 2869 oratione
598 2802 717 2880 habita,
748 2801 860 2866 mirum
886 2804 917 2867 in
944 2804 1070 2869 modum
1103 2828 1257 2870 conversae

164 2912 237 2970 sunt
260 2904 398 2969 omnium
421 2913 551 2982 urentes,
577 2926 758 2987 summaque
782 2903 927 2968 alacritas
952 2912 984 2968 et
1006 2905 1161 2989 cupiditas
1185 2905 1257 2970 belli

161 3004 289 3090 gerendi
313 3006 422 3070 innata
452 3012 509 3081 est,
536 3005 736 3090 princepsque
768 3002 890 3068 decima
918 3003 998 3089 legio
1030 3029 1085 3090 per
1117 3007 1257 3071 tribunos

161 3105 296 3171 militnm
312 3106 342 3169 ei
355 3105 473 3192 gratias
493 3106 567 3190 egit,
584 3104 666 3189 qnod
690 3105 729 3168 de
744 3127 776 3168 se
793 3106 946 3190 optimum
954 3103 1108 3189 judicium
1124 3107 1256 3183 fecisset,

163 3228 254 3290 seque
280 3228 347 3272 esse
374 3205 415 3270 ad
440 3205 555 3271 bellum
580 3205 752 3291 gerendum
788 3205 1016 3288 paratissimam
1050 3205 1256 3270 confirmavit.

162 3305 285 3373 Deinde
308 3306 433 3391 reliqua
461 3306 597 3391 legiones
621 3328 676 3391 per
701 3306 844 3370 tribunos
868 3305 1004 3369 militum
1031 3315 1061 3370 et
1086 3308 1255 3392 primorum

161 3406 305 3472 ordinum
338 3405 534 3471 centuriones
566 3415 705 3492 egerunt,
732 3406 779 3469 uti
810 3405 924 3471 Caesari
951 3407 1184 3471 satisfacerent:
1224 3431 1256 3471 se

161 3528 261 3591 neque
289 3529 436 3592 umquam
466 3506 635 3584 dubitasse,
651 3529 750 3590 neque
776 3505 925 3582 timuisse,
948 3529 1046 3589 neque
1071 3507 1108 3570 de
1134 3529 1256 3571 summa

161 3606 234 3671 belli
273 3630 363 3673 suum
392 3605 558 3694 judicium,
594 3606 648 3672 sed
682 3606 877 3692 imperatoris
902 3629 977 3682 esse,
1021 3606 1256 3672 existimavisse.

162 3705 283 3775 Eorum
310 3707 521 3773 satisfactione
543 3715 671 3792 accepta
687 3717 718 3771 et
741 3707 850 3770 itinere
868 3707 1023 3789 exquisito
1042 3731 1095 3792 per
1120 3707 1257 3772 Divitia-

161 3829 241 3885 cum,
266 3808 348 3893 qnod
372 3831 412 3872 ex
436 3807 505 3872 aliis
530 3807 558 3871 ei
584 3807 754 3872 maximam
782 3805 874 3870 fidem
904 3807 1048 3885 habebat,
1065 3817 1100 3872 ut
1124 3809 1254 3872 millium

159 3908 294 3994 amplius
308 3907 532 3993 quinquaginta
557 3907 688 3972 circuitu
709 3907 785 3971 locis
807 3907 923 3992 apertis
939 3909 1108 3972 exercitum
1128 3909 1254 3973 duceret

162 4007 202 4072 da
223 4018 335 4092 quarta
363 4008 478 4094 vigilia,
506 4017 542 4072 ut
574 4009 706 4085 dixerat,
734 4008 891 4093 profectus
923 4016 981 4071 est.
1028 4009 1168 4093 Septimo
1192 4010 1252 4087 die,

161 4131 258 4191 quum
273 4110 332 4174 iter
353 4132 415 4175 non
443 4108 677 4185 intermitteret,
701 4109 742 4172 ab
765 4108 1012 4193 exploratoribus
1027 4110 1139 4173 certior
1153 4112 1254 4174 factus

160 4217 218 4287 est,
245 4209 399 4276 Ariovisti
422 4210 528 4295 copias
554 4232 572 4273 a
595 4208 708 4274 nostris
734 4208 871 4273 millibus
893 4231 1038 4293 passuum
1065 4220 1197 4293 quatuor
1221 4221 1253 4274 et

158 4309 271 4394 viginti
285 4310 400 4376 abesse.

203 4409 319 4474 XLII.
344 4409 477 4496 Cognito
509 4409 641 4476 Oaesaris
675 4410 823 4483 adventu,
849 4409 1028 4473 Ariovistus
1064 4410 1182 4495 legatos
1211 4411 1252 4475 ad

158 4532 230 4575 eum
258 4511 377 4576 mittit:
402 4510 483 4594 quod
511 4518 605 4575 antea
625 4510 663 4574 de
690 4509 840 4593 colloquio
864 4509 1060 4593 postulasset,
1086 4509 1118 4574 id
1143 4535 1198 4597 per
1219 4535 1252 4576 se

156 4606 223 4676 lieri
241 4611 343 4689 licere,
362 4611 508 4697 quoniam
533 4611 658 4696 propius
686 4610 885 4674 accessisset:
911 4632 1003 4694 seque
1026 4611 1058 4674 id
1084 4611 1149 4676 sine
1173 4613 1252 4697 peri·

156 4712 227 4776 culo
259 4711 360 4776 faeere
399 4734 489 4798 posse
528 4711 716 4776 existimare.
777 4709 848 4773 Non
889 4711 1006 4796 respuit
1043 4711 1250 4775 conditionem

158 4809 283 4878 (laesart
317 4811 446 4898 jamque
485 4834 555 4877 eum
594 4811 635 4876 ad
672 4811 839 4876 sanitatem
876 4812 988 4876 reverti
1026 4811 1250 4886 arbitrabatur,

1078 4912 1110 4992 s
