2886 5378
185 745 261 818 lxiv
462 764 539 818 run
564 763 746 819 ussurus
774 765 822 821 or
847 766 1014 822 racrrus.

181 929 294 1012 quibus
323 950 385 1007 eoa,
417 951 457 993 ne
491 930 572 994 forte
604 928 775 1015 periculum
812 928 994 1006 inciderent,
1033 928 1134 993 redire
1167 929 1284 995 noluit.

182 1029 322 1111 Quorum
349 1028 504 1095 adventus
524 1052 650 1095 causam
679 1030 848 1115 imperator
874 1030 1053 1114 diligentius
1077 1029 1282 1116 investigans,

181 1132 332 1216 comperit
356 1152 403 1195 eos
424 1132 523 1216 gentis
547 1152 605 1195 oeae
631 1133 792 1208 Simorum,
822 1131 1034 1215 exploratores
1060 1131 1164 1216 potius
1190 1132 1282 1217 regni

180 1231 263 1297 illius
273 1230 431 1315 nostrique
445 1254 538 1315 quam
553 1231 699 1295 amicitiae
715 1231 865 1316 petitores
879 1239 976 1308 ratus,
988 1254 1083 1316 penes
1095 1254 1128 1295 se
1143 1254 1282 1316 eousque

181 1332 361 1397 retinendos
385 1332 551 1416 judicavit,
576 1331 659 1417 quod
687 1331 839 1397 veraciter
867 1331 1005 1395 invenire
1029 1341 1143 1416 posset,
1170 1342 1281 1398 utrum

181 1430 315 1497 fideliter
328 1456 364 1497 eo
380 1455 477 1497 necne
492 1431 689 1518 pervenerint
702 1457 712 1505 ;
729 1432 822 1516 idque
835 1432 1008 1516 Theophilo
1021 1455 1076 1517 per
1088 1444 1283 1499 memoratos

180 1533 301 1619 legatos
323 1556 394 1599 snos
417 1540 511 1617 atque
534 1533 698 1618 epistolam
722 1532 867 1597 intimare
889 1554 952 1595 non
977 1532 1109 1608 distulit,
1133 1548 1165 1597 et
1192 1534 1283 1617 quod

179 1657 232 1700 eos
247 1635 330 1699 illius
345 1657 450 1698 amore
473 1634 605 1698 libenter
620 1633 800 1717 susceperit,
820 1655 857 1696 ac
880 1634 906 1697 si
930 1631 1036 1698 fideles
1051 1633 1278 1711 invenirentur,

180 1743 212 1800 et
247 1736 381 1801 facultas
411 1735 528 1819 absque
560 1736 684 1799 illorum
716 1733 851 1818 periculo
882 1735 913 1797 in
946 1734 1080 1819 patriam
1114 1735 1280 1798 remeandi

180 1836 317 1914 daretur,
341 1858 412 1901 cum
435 1835 552 1900 auxilio
574 1833 800 1909 remittendos;
825 1835 873 1898 sin
897 1833 984 1910 alias,
1002 1857 1064 1898 una
1085 1856 1155 1898 eum
1175 1836 1280 1900 missis

179 1939 293 2003 nostris
316 1937 357 2002 ad
380 1935 446 2021 ejus
469 1937 665 2021 praesentiam
681 1935 867 2019 dirigendos,
881 1944 917 1998 ut
933 1934 1007 2017 quid
1025 1934 1193 2000 dotalibus
1208 1933 1280 2001 fieri

176 2037 315 2114 deberet,
323 2039 387 2124 ipse
396 2036 592 2101 decernendo
602 2034 1055 2100 efficeret.''-Aunal.Bertin.
1063 2035 1157 2099 Perta
1169 2035 1279 2102 i.434.

222 2139 290 2204 The
310 2140 385 2225 only
400 2138 497 2203 shade
518 2137 587 2202 that
612 2136 760 2201 hasbeen
777 2136 899 2199 throwu
915 2157 989 2199 over
1011 2135 1075 2200 this
1096 2136 1278 2201 conclusion

176 2241 204 2306 is
227 2241 282 2306 the
297 2249 450 2326 apparent
475 2262 529 2303 use
543 2239 580 2302 of
599 2245 654 2302 tlre
678 2237 765 2301 Yurk
783 2236 869 2300 word
893 2237 1191 2310 Olucou=Kliau;
1217 2238 1277 2303 but

178 2343 278 2409 Zeuss
296 2341 364 2407 well
392 2346 534 2425 suggests
548 2338 620 2403 that
637 2337 741 2403 thiais
768 2359 808 2400 no
824 2336 913 2401 Turk
930 2335 1010 2415 title,
1028 2337 1085 2401 but
1103 2338 1156 2401 the
1173 2336 1278 2403 Norae
1313 2373 1317 2379 ¹

179 2467 291 2529 proper
306 2465 396 2507 name
414 2441 538 2505 Halon.

226 2544 312 2620 And,
329 2553 363 2608 to
381 2539 508 2606 confirm
531 2539 572 2604 all
596 2539 668 2616 this,
688 2536 864 2623 Liutprand
884 2536 987 2601 writes
999 2545 1075 2601 :—“
1089 2537 1175 2602 Gens
1189 2560 1278 2621 quae-

180 2645 253 2708 dam
285 2653 333 2708 est
362 2643 420 2708 sub
445 2640 596 2724 aquilonis
624 2648 713 2724 parte
736 2639 916 2714 constituta,
946 2661 1039 2721 quam
1074 2661 1093 2702 a
1122 2638 1276 2722 qualitate

179 2745 316 2828 corporis
332 2742 432 2806 Graeci
450 2750 562 2805 vocant
577 2742 699 2816 Bassos,
715 2761 771 2803 nos
794 2761 867 2801 vero
893 2761 913 2801 a
935 2738 1087 2823 positione
1109 2739 1168 2803 loci
1182 2762 1274 2804 voca·

180 2866 249 2907 mus
274 2844 504 2907 Nordmuuuos.
561 2840 683 2924 Lingua
708 2840 821 2922 quippe
848 2837 1026 2903 Teutonum
1050 2840 1131 2905 cord
1157 2841 1273 2923 aquilo,

177 2964 252 3007 mou
268 2953 373 3005 autem
391 2964 457 3004 mas
474 2964 528 3004 seu
553 2939 600 3004 rir
624 2938 747 3014 dicitur,
762 2936 843 3000 unde
866 2945 898 2999 et
921 2937 1140 3004 Nordmannos
1153 2940 1276 3024 aquilo-

176 3064 267 3106 nares
290 3041 431 3104 homines
457 3039 558 3102 dicere
584 3059 758 3122 possumus.
804 3033 910 3120 Hujus
933 3036 1066 3122 denique
1085 3040 1188 3125 gentis
1215 3063 1273 3105 rex

178 3142 272 3226 Inger
288 3139 437 3203 vocabulo
460 3147 537 3213 erat,
554 3137 606 3220 qui
621 3135 759 3199 collectis
779 3135 864 3198 mille
886 3144 918 3198 et
937 3158 973 3199 eo
991 3141 1125 3225 amplius
1141 3141 1273 3207 navibus

177 3238 478 3323 Constantinopolim
493 3234 829 3320 veuit—Compositis
849 3235 954 3318 itaque
970 3241 1140 3305 seeundum
1156 3239 1272 3326 jussio·

175 3364 246 3406 uem
271 3361 356 3404 suam
390 3336 585 3410 clrelandriis,
616 3335 859 3420 sapientissimos
893 3337 924 3399 in
953 3337 997 3401 eis
1028 3341 1110 3405 viros
1139 3341 1271 3407 collocat

178 3435 354 3533 (Romanus
372 3429 572 3527 Imperator),
586 3444 680 3520 atque
697 3443 733 3500 ut
751 3435 815 3520 regi
833 3435 946 3520 Iugero
961 3449 1134 3517 occurrant,
1152 3442 1271 3506 denun-

175 3542 247 3605 ciat.
301 3537 437 3602 Profecti
468 3537 609 3621 denique,
638 3559 709 3601 eum
736 3536 769 3599 in
801 3536 910 3621 pelago
938 3561 990 3603 eos
1019 3540 1182 3625 impositos
1212 3566 1271 3608 rex

176 3641 271 3726 Inger
292 3637 446 3722 aspicerit,
470 3637 622 3701 exercitui
644 3660 699 3700 suo
722 3636 878 3721 praecepit,
897 3646 933 3701 ut
949 3639 1031 3704 viros
1056 3641 1125 3706 illos
1148 3654 1273 3727 caperet

174 3751 206 3805 et
224 3761 286 3802 non
299 3736 463 3801 occideret.
509 3737 651 3821 Denique
674 3737 838 3800 miserator
859 3746 890 3800 et
915 3739 1088 3805 misericors
1104 3742 1271 3819 Dominus,

173 3839 225 3924 qui
241 3862 273 3903 se
289 3836 434 3912 colentes,
458 3860 490 3902 se
512 3837 724 3922 deprecantes,
740 3860 772 3901 se
788 3836 955 3903 adorantes
971 3863 1032 3904 non
1049 3842 1148 3906 solum
1167 3852 1272 3928 prote-

173 3962 255 4024 gere,
275 3960 381 4000 verum
398 3938 491 4001 etiam
508 3937 639 4001 victoria
655 3937 753 4001 voluit
774 3937 936 4016 honorare,
956 3942 1057 4005 ventis
1078 3951 1153 4007 tuuc
1175 3944 1275 4027 placi-

174 4038 249 4103 dum
267 4036 404 4101 reddidit
420 4060 514 4101 mare.
560 4037 656 4102 Secus
671 4039 753 4101 cuim
777 4038 817 4101 ob
840 4039 920 4124 ignis
944 4040 1137 4106 emissionem
1152 4042 1272 4109 Graecis

172 4147 239 4203 erat
265 4137 506 4204 incommodum.
554 4137 657 4224 Igitur
681 4139 711 4202 in
729 4139 900 4202 Russorum
923 4139 1025 4204 medio
1048 4144 1141 4226 positi
1165 4143 1272 4230 ignem

171 4237 372 4302 circumcirca
386 4235 561 4322 projiciunt.
617 4239 709 4320 Quod
725 4239 800 4303 dum
817 4239 911 4304 Russi
926 4241 1130 4325 conspiciunt,
1147 4266 1164 4306 e
1181 4245 1272 4308 navi-

170 4337 229 4402 bus
244 4338 407 4401 confestim
424 4361 489 4402 sese
512 4340 544 4403 in
568 4361 652 4403 mare
678 4337 843 4425 projiciunt
865 4339 1045 4424 eliguntque
1060 4344 1165 4427 potius
1179 4346 1270 4427 aquis

171 4436 337 4522 submergi,
363 4459 455 4520 quam
487 4438 550 4523 igni
580 4440 721 4503 eremari.
774 4440 837 4503 Alii
864 4449 938 4504 tuuc
971 4439 1074 4507 loricis
1106 4452 1138 4507 et
1171 4444 1270 4528 galeis

47 4584 53 4595 .
170 4537 300 4615 onerati,
334 4560 492 4621 nunquam
518 4539 611 4604 visuri
643 4540 706 4603 ima
736 4540 837 4624 pelagi
867 4549 989 4624 petunt,
1023 4543 1162 4607 nounulli
1195 4566 1269 4608 vero

168 4646 314 4703 natantes
338 4638 420 4702 inter
445 4639 528 4724 ipsos
549 4641 643 4705 maris
658 4638 771 4704 fluctus
796 4650 939 4718 uruntur,
956 4643 1119 4726 nullusque
1140 4641 1190 4707 die
1213 4643 1268 4709 illa

167 4739 276 4816 evasit,
305 4739 358 4823 qui
384 4738 459 4824 fuga
485 4763 550 4805 sese
578 4741 619 4805 ad
650 4751 764 4805 terram
796 4764 857 4832 non
886 4741 1042 4808 liberavit.
1090 4743 1266 4808 Russorum
