<?xml version="1.0" encoding="UTF-8"?>
<!DOCTYPE html PUBLIC "-//W3C//DTD XHTML 1.0 Transitional//EN"
    "http://www.w3.org/TR/xhtml1/DTD/xhtml1-transitional.dtd">
<html xmlns="http://www.w3.org/1999/xhtml" xml:lang="en" lang="en">
 <head>
  <title>
</title>
<meta http-equiv="Content-Type" content="text/html;charset=utf-8" />
  <meta name='ocr-system' content='tesseract 3.04.00' />
  <meta name='ocr-capabilities' content='ocr_page ocr_carea ocr_par ocr_line ocrx_word'/>
</head>
<body>
  <div class='ocr_page' id='page_1' title='image "./germaniatacitus00lathgoog_0131.png"; bbox 0 0 2886 5378; ppageno 0'>
   <div class='ocr_carea' id='block_1_1' title="bbox 197 750 1014 820">
    <p class='ocr_par' dir='ltr' id='par_1_1' title="bbox 197 750 1014 820">
     <span class='ocr_line' id='line_1_1' title="bbox 197 750 1014 820; baseline -0.004 -2"><span class='ocrx_word' id='word_1_1' title='bbox 197 750 268 820; x_wconf 83' lang='lat' dir='ltr'><strong>exii</strong></span> <span class='ocrx_word' id='word_1_2' title='bbox 467 763 543 818; x_wconf 85' lang='lat' dir='ltr'><strong>run</strong></span> <span class='ocrx_word' id='word_1_3' title='bbox 568 761 750 818; x_wconf 77' lang='lat' dir='ltr'><strong>senuaar</strong></span> <span class='ocrx_word' id='word_1_4' title='bbox 775 761 823 816; x_wconf 81' lang='lat' dir='ltr'><strong>or</strong></span> <span class='ocrx_word' id='word_1_5' title='bbox 848 760 1014 816; x_wconf 75' lang='lat' dir='ltr'><strong>ricinos.</strong></span> 
     </span>
    </p>
   </div>
   <div class='ocr_carea' id='block_1_2' title="bbox 189 922 1288 1710">
    <p class='ocr_par' dir='ltr' id='par_1_2' title="bbox 189 922 1288 1710">
     <span class='ocr_line' id='line_1_2' title="bbox 194 922 1288 1010; baseline 0 -20"><span class='ocrx_word' id='word_1_6' title='bbox 194 935 281 1000; x_wconf 83' lang='lat' dir='ltr'><strong>tate;</strong></span> <span class='ocrx_word' id='word_1_7' title='bbox 308 933 340 989; x_wconf 91' lang='lat' dir='ltr'><strong>et</strong></span> <span class='ocrx_word' id='word_1_8' title='bbox 364 933 483 1001; x_wconf 90' lang='lat' dir='ltr'><strong>contra,</strong></span> <span class='ocrx_word' id='word_1_9' title='bbox 500 922 651 1010; x_wconf 81' lang='lat' dir='ltr'><strong>augendae</strong></span> <span class='ocrx_word' id='word_1_10' title='bbox 674 922 878 987; x_wconf 83' lang='lat' dir='ltr'><strong>dominationi</strong></span> <span class='ocrx_word' id='word_1_11' title='bbox 895 932 1078 989; x_wconf 85' lang='lat' dir='ltr'><strong>certaretur.</strong></span> <span class='ocrx_word' id='word_1_12' title='bbox 1124 924 1195 988; x_wconf 93' lang='lat' dir='ltr'><strong>Non</strong></span> <span class='ocrx_word' id='word_1_13' title='bbox 1211 926 1288 991; x_wconf 87' lang='lat' dir='ltr'><strong>alias</strong></span> 
     </span>
     <span class='ocr_line' id='line_1_3' title="bbox 193 1023 1288 1110; baseline 0 -20"><span class='ocrx_word' id='word_1_14' title='bbox 193 1023 308 1110; x_wconf 87' lang='lat' dir='ltr'><strong>majore</strong></span> <span class='ocrx_word' id='word_1_15' title='bbox 332 1025 413 1089; x_wconf 90' lang='lat' dir='ltr'><strong>mole</strong></span> <span class='ocrx_word' id='word_1_16' title='bbox 436 1046 630 1100; x_wconf 88' lang='lat' dir='ltr'><strong>concursum,</strong></span> <span class='ocrx_word' id='word_1_17' title='bbox 653 1045 752 1106; x_wconf 89' lang='lat' dir='ltr'><strong>neque</strong></span> <span class='ocrx_word' id='word_1_18' title='bbox 769 1023 916 1108; x_wconf 81' lang='lat' dir='ltr'><strong>ambiguo</strong></span> <span class='ocrx_word' id='word_1_19' title='bbox 941 1024 1043 1109; x_wconf 82' lang='lat' dir='ltr'><strong>magis</strong></span> <span class='ocrx_word' id='word_1_20' title='bbox 1066 1033 1190 1100; x_wconf 80' lang='lat' dir='ltr'><strong>eventu,</strong></span> <span class='ocrx_word' id='word_1_21' title='bbox 1210 1026 1288 1090; x_wconf 85' lang='lat' dir='ltr'><strong>fusis</strong></span> 
     </span>
     <span class='ocr_line' id='line_1_4' title="bbox 191 1123 1287 1212; baseline 0 -22"><span class='ocrx_word' id='word_1_22' title='bbox 191 1127 347 1209; x_wconf 85' lang='lat' dir='ltr'><strong>utrimque</strong></span> <span class='ocrx_word' id='word_1_23' title='bbox 377 1125 497 1189; x_wconf 81' lang='lat' dir='ltr'><strong>dextris</strong></span> <span class='ocrx_word' id='word_1_24' title='bbox 529 1124 682 1188; x_wconf 90' lang='lat' dir='ltr'><strong>cornibus.</strong></span> <span class='ocrx_word' id='word_1_25' title='bbox 736 1123 989 1207; x_wconf 78' lang='lat' dir='ltr'><strong>sperabaturque</strong></span> <span class='ocrx_word' id='word_1_26' title='bbox 1021 1148 1143 1190; x_wconf 89' lang='lat' dir='ltr'><strong>rursum</strong></span> <span class='ocrx_word' id='word_1_27' title='bbox 1173 1149 1287 1212; x_wconf 82' lang='lat' dir='ltr'><strong>pugna,</strong></span> 
     </span>
     <span class='ocr_line' id='line_1_5' title="bbox 191 1223 1286 1312; baseline 0.001 -23"><span class='ocrx_word' id='word_1_28' title='bbox 191 1225 222 1289; x_wconf 90' lang='lat' dir='ltr'><strong>ni</strong></span> <span class='ocrx_word' id='word_1_29' title='bbox 256 1225 471 1290; x_wconf 82' lang='lat' dir='ltr'><strong>Maroboduus</strong></span> <span class='ocrx_word' id='word_1_30' title='bbox 501 1232 604 1288; x_wconf 88' lang='lat' dir='ltr'><strong>castra</strong></span> <span class='ocrx_word' id='word_1_31' title='bbox 635 1224 667 1287; x_wconf 94' lang='lat' dir='ltr'><strong>in</strong></span> <span class='ocrx_word' id='word_1_32' title='bbox 699 1224 792 1287; x_wconf 88' lang='lat' dir='ltr'><strong>colles</strong></span> <span class='ocrx_word' id='word_1_33' title='bbox 822 1223 1031 1288; x_wconf 87' lang='lat' dir='ltr'><strong>subduxisset.</strong></span> <span class='ocrx_word' id='word_1_34' title='bbox 1096 1225 1134 1289; x_wconf 94' lang='lat' dir='ltr'><strong>Id</strong></span> <span class='ocrx_word' id='word_1_35' title='bbox 1165 1226 1286 1312; x_wconf 78' lang='lat' dir='ltr'><strong>signnm</strong></span> 
     </span>
     <span class='ocr_line' id='line_1_6' title="bbox 190 1323 1286 1411; baseline 0.001 -21"><span class='ocrx_word' id='word_1_36' title='bbox 190 1326 322 1411; x_wconf 86' lang='lat' dir='ltr'><strong>perculsi</strong></span> <span class='ocrx_word' id='word_1_37' title='bbox 347 1326 426 1390; x_wconf 86' lang='lat' dir='ltr'><strong>fuit:</strong></span> <span class='ocrx_word' id='word_1_38' title='bbox 454 1333 484 1390; x_wconf 88' lang='lat' dir='ltr'><strong>et</strong></span> <span class='ocrx_word' id='word_1_39' title='bbox 501 1324 671 1409; x_wconf 81' lang='lat' dir='ltr'><strong>transfugis</strong></span> <span class='ocrx_word' id='word_1_40' title='bbox 685 1323 848 1408; x_wconf 85' lang='lat' dir='ltr'><strong>paullatim</strong></span> <span class='ocrx_word' id='word_1_41' title='bbox 869 1324 1015 1402; x_wconf 87' lang='lat' dir='ltr'><strong>nudatus,</strong></span> <span class='ocrx_word' id='word_1_42' title='bbox 1033 1325 1063 1388; x_wconf 94' lang='lat' dir='ltr'><strong>in</strong></span> <span class='ocrx_word' id='word_1_43' title='bbox 1085 1327 1286 1391; x_wconf 85' lang='lat' dir='ltr'><strong>Marcoman-</strong></span> 
     </span>
     <span class='ocr_line' id='line_1_7' title="bbox 189 1423 1283 1509; baseline 0 -20"><span class='ocrx_word' id='word_1_44' title='bbox 189 1449 246 1491; x_wconf 90' lang='lat' dir='ltr'><strong>nos</strong></span> <span class='ocrx_word' id='word_1_45' title='bbox 266 1427 428 1503; x_wconf 81' lang='lat' dir='ltr'><strong>concessit,</strong></span> <span class='ocrx_word' id='word_1_46' title='bbox 445 1425 590 1509; x_wconf 89' lang='lat' dir='ltr'><strong>misitque</strong></span> <span class='ocrx_word' id='word_1_47' title='bbox 614 1425 733 1509; x_wconf 83' lang='lat' dir='ltr'><strong>legatos</strong></span> <span class='ocrx_word' id='word_1_48' title='bbox 748 1424 789 1487; x_wconf 90' lang='lat' dir='ltr'><strong>ad</strong></span> <span class='ocrx_word' id='word_1_49' title='bbox 811 1423 970 1489; x_wconf 84' lang='lat' dir='ltr'><strong>Tiberium</strong></span> <span class='ocrx_word' id='word_1_50' title='bbox 993 1433 1134 1490; x_wconf 87' lang='lat' dir='ltr'><strong>oraturos</strong></span> <span class='ocrx_word' id='word_1_51' title='bbox 1156 1427 1283 1492; x_wconf 88' lang='lat' dir='ltr'><strong>auxilia.</strong></span> 
     </span>
     <span class='ocr_line' id='line_1_8' title="bbox 191 1521 1287 1612; baseline 0.002 -23"><span class='ocrx_word' id='word_1_52' title='bbox 191 1525 390 1612; x_wconf 86' lang='lat' dir='ltr'><strong>Responsum</strong></span> <span class='ocrx_word' id='word_1_53' title='bbox 412 1534 470 1603; x_wconf 93' lang='lat' dir='ltr'><strong>est,</strong></span> <span class='ocrx_word' id='word_1_54' title='bbox 496 1533 515 1562; x_wconf 78' lang='lat'><strong>‘⁴</strong></span> <span class='ocrx_word' id='word_1_55' title='bbox 530 1548 592 1588; x_wconf 92' lang='lat' dir='ltr'><strong>non</strong></span> <span class='ocrx_word' id='word_1_56' title='bbox 617 1521 689 1609; x_wconf 89' lang='lat' dir='ltr'><strong>jure</strong></span> <span class='ocrx_word' id='word_1_57' title='bbox 719 1547 790 1587; x_wconf 93' lang='lat' dir='ltr'><strong>eum</strong></span> <span class='ocrx_word' id='word_1_58' title='bbox 821 1523 970 1588; x_wconf 88' lang='lat' dir='ltr'><strong>adversus</strong></span> <span class='ocrx_word' id='word_1_59' title='bbox 999 1525 1170 1592; x_wconf 81' lang='lat' dir='ltr'><strong>Cheruscos</strong></span> <span class='ocrx_word' id='word_1_60' title='bbox 1199 1550 1287 1592; x_wconf 90' lang='lat' dir='ltr'><strong>arma</strong></span> 
     </span>
     <span class='ocr_line' id='line_1_9' title="bbox 189 1625 1283 1710; baseline 0.001 -19"><span class='ocrx_word' id='word_1_61' title='bbox 189 1626 333 1691; x_wconf 88' lang='lat' dir='ltr'><strong>Romana</strong></span> <span class='ocrx_word' id='word_1_62' title='bbox 356 1627 509 1704; x_wconf 87' lang='lat' dir='ltr'><strong>invocare,</strong></span> <span class='ocrx_word' id='word_1_63' title='bbox 538 1625 591 1709; x_wconf 92' lang='lat' dir='ltr'><strong>qui</strong></span> <span class='ocrx_word' id='word_1_64' title='bbox 625 1633 800 1710; x_wconf 81' lang='lat' dir='ltr'><strong>pugnantes</strong></span> <span class='ocrx_word' id='word_1_65' title='bbox 832 1625 863 1688; x_wconf 94' lang='lat' dir='ltr'><strong>in</strong></span> <span class='ocrx_word' id='word_1_66' title='bbox 891 1625 1035 1689; x_wconf 90' lang='lat' dir='ltr'><strong>eumdem</strong></span> <span class='ocrx_word' id='word_1_67' title='bbox 1065 1628 1188 1691; x_wconf 85' lang='lat' dir='ltr'><strong>hostem</strong></span> <span class='ocrx_word' id='word_1_68' title='bbox 1218 1628 1283 1692; x_wconf 91' lang='lat' dir='ltr'><strong>Ro·</strong></span> 
     </span>
    </p>
   </div>
   <div class='ocr_carea' id='block_1_3' title="bbox 189 1724 1399 1812">
    <p class='ocr_par' dir='ltr' id='par_1_3' title="bbox 189 1724 1399 1812">
     <span class='ocr_line' id='line_1_10' title="bbox 189 1724 1399 1812; baseline 0.002 -22"><span class='ocrx_word' id='word_1_69' title='bbox 189 1750 297 1792; x_wconf 88' lang='lat' dir='ltr'><strong>manos</strong></span> <span class='ocrx_word' id='word_1_70' title='bbox 319 1727 406 1791; x_wconf 90' lang='lat' dir='ltr'><strong>nulla</strong></span> <span class='ocrx_word' id='word_1_71' title='bbox 427 1750 485 1812; x_wconf 93' lang='lat' dir='ltr'><strong>ope</strong></span> <span class='ocrx_word' id='word_1_72' title='bbox 505 1724 671 1811; x_wconf 80' lang='lat' dir='ltr'><strong>juvisset.”</strong></span> <span class='ocrx_word' id='word_1_73' title='bbox 719 1725 836 1791; x_wconf 88' lang='lat' dir='ltr'><strong>Missus</strong></span> <span class='ocrx_word' id='word_1_74' title='bbox 862 1733 967 1790; x_wconf 90' lang='lat' dir='ltr'><strong>tamen</strong></span> <span class='ocrx_word' id='word_1_75' title='bbox 983 1726 1114 1804; x_wconf 87' lang='lat' dir='ltr'><strong>Drusus,</strong></span> <span class='ocrx_word' id='word_1_76' title='bbox 1142 1736 1177 1791; x_wconf 89' lang='lat' dir='ltr'><strong>nt</strong></span> <span class='ocrx_word' id='word_1_77' title='bbox 1199 1736 1282 1792; x_wconf 90' lang='lat' dir='ltr'><strong>retu·</strong></span> <span class='ocrx_word' id='word_1_78' title='bbox 1394 1744 1399 1753; x_wconf 83' lang='lat'><strong><em>‘</em></strong></span> 
     </span>
    </p>
   </div>
   <div class='ocr_carea' id='block_1_4' title="bbox 189 1826 556 1913">
    <p class='ocr_par' dir='ltr' id='par_1_4' title="bbox 189 1826 556 1913">
     <span class='ocr_line' id='line_1_11' title="bbox 189 1826 556 1913; baseline -0.003 -22"><span class='ocrx_word' id='word_1_79' title='bbox 189 1828 289 1905; x_wconf 88' lang='lat' dir='ltr'><strong>limus,</strong></span> <span class='ocrx_word' id='word_1_80' title='bbox 307 1828 392 1913; x_wconf 85' lang='lat' dir='ltr'><strong>pacis</strong></span> <span class='ocrx_word' id='word_1_81' title='bbox 406 1826 556 1892; x_wconf 86' lang='lat' dir='ltr'><strong>firmator.</strong></span> 
     </span>
    </p>
   </div>
   <div class='ocr_carea' id='block_1_5' title="bbox 603 2032 861 2073">
    <p class='ocr_par' dir='ltr' id='par_1_5' title="bbox 603 2032 861 2073">
     <span class='ocr_line' id='line_1_12' title="bbox 603 2032 861 2073; baseline 0.004 -2"><span class='ocrx_word' id='word_1_82' title='bbox 603 2032 701 2072; x_wconf 73' lang='lat' dir='ltr'><strong>Tuom.</strong></span> <span class='ocrx_word' id='word_1_83' title='bbox 725 2033 802 2072; x_wconf 81' lang='lat' dir='ltr'><strong>ANN.</strong></span> <span class='ocrx_word' id='word_1_84' title='bbox 827 2033 861 2073; x_wconf 87' lang='lat'><strong>11.</strong></span> 
     </span>
    </p>
   </div>
   <div class='ocr_carea' id='block_1_6' title="bbox 181 2125 1280 4216">
    <p class='ocr_par' dir='ltr' id='par_1_6' title="bbox 182 2125 1280 3907">
     <span class='ocr_line' id='line_1_13' title="bbox 238 2125 1279 2212; baseline 0.002 -21"><span class='ocrx_word' id='word_1_85' title='bbox 238 2125 483 2191; x_wconf 85' lang='lat' dir='ltr'>LXXXVIII.</span> <span class='ocrx_word' id='word_1_86' title='bbox 507 2125 640 2211; x_wconf 85' lang='lat' dir='ltr'><strong>Reperio</strong></span> <span class='ocrx_word' id='word_1_87' title='bbox 668 2126 752 2210; x_wconf 89' lang='lat' dir='ltr'><strong>apud</strong></span> <span class='ocrx_word' id='word_1_88' title='bbox 778 2126 943 2210; x_wconf 87' lang='lat' dir='ltr'><strong>scriptores</strong></span> <span class='ocrx_word' id='word_1_89' title='bbox 975 2137 1193 2212; x_wconf 86' lang='lat' dir='ltr'><strong>senatoresque</strong></span> <span class='ocrx_word' id='word_1_90' title='bbox 1229 2152 1279 2193; x_wconf 91' lang='lat' dir='ltr'><strong>eo·</strong></span> 
     </span>
     <span class='ocr_line' id='line_1_14' title="bbox 187 2225 1280 2311; baseline 0.001 -18"><span class='ocrx_word' id='word_1_91' title='bbox 187 2229 329 2293; x_wconf 82' lang='lat' dir='ltr'><strong>rumdam</strong></span> <span class='ocrx_word' id='word_1_92' title='bbox 353 2234 540 2311; x_wconf 87' lang='lat' dir='ltr'><strong>temporum,</strong></span> <span class='ocrx_word' id='word_1_93' title='bbox 559 2225 791 2311; x_wconf 84' lang='lat' dir='ltr'><strong>Adgandestrii,</strong></span> <span class='ocrx_word' id='word_1_94' title='bbox 816 2227 961 2311; x_wconf 87' lang='lat' dir='ltr'><strong>principis</strong></span> <span class='ocrx_word' id='word_1_95' title='bbox 983 2227 1158 2303; x_wconf 82' lang='lat' dir='ltr'><strong>Gattorum,</strong></span> <span class='ocrx_word' id='word_1_96' title='bbox 1183 2229 1280 2294; x_wconf 88' lang='lat' dir='ltr'><strong>lectas</strong></span> 
     </span>
     <span class='ocr_line' id='line_1_15' title="bbox 187 2327 1279 2416; baseline 0 -23"><span class='ocrx_word' id='word_1_97' title='bbox 187 2330 219 2394; x_wconf 92' lang='lat' dir='ltr'><strong>in</strong></span> <span class='ocrx_word' id='word_1_98' title='bbox 235 2336 345 2395; x_wconf 86' lang='lat' dir='ltr'><strong>senatu</strong></span> <span class='ocrx_word' id='word_1_99' title='bbox 362 2327 477 2406; x_wconf 87' lang='lat' dir='ltr'><strong>literas,</strong></span> <span class='ocrx_word' id='word_1_100' title='bbox 495 2328 607 2410; x_wconf 89' lang='lat' dir='ltr'><strong>quibus</strong></span> <span class='ocrx_word' id='word_1_101' title='bbox 625 2334 791 2390; x_wconf 90' lang='lat' dir='ltr'><strong>“mortem</strong></span> <span class='ocrx_word' id='word_1_102' title='bbox 804 2327 939 2416; x_wconf 85' lang='lat' dir='ltr'><strong>Arminii</strong></span> <span class='ocrx_word' id='word_1_103' title='bbox 951 2327 971 2354; x_wconf 89' lang='lat'><strong>&#39;&#39;</strong></span> <span class='ocrx_word' id='word_1_104' title='bbox 986 2329 1200 2413; x_wconf 88' lang='lat' dir='ltr'><strong>promittebat,</strong></span> <span class='ocrx_word' id='word_1_105' title='bbox 1218 2339 1239 2366; x_wconf 90' lang='grc'>“</span> <span class='ocrx_word' id='word_1_106' title='bbox 1253 2330 1279 2395; x_wconf 87' lang='lat' dir='ltr'><strong>si</strong></span> 
     </span>
     <span class='ocr_line' id='line_1_16' title="bbox 186 2428 1277 2516; baseline -0.001 -21"><span class='ocrx_word' id='word_1_107' title='bbox 186 2430 349 2516; x_wconf 85' lang='lat' dir='ltr'><strong>patrandae</strong></span> <span class='ocrx_word' id='word_1_108' title='bbox 385 2428 453 2491; x_wconf 84' lang='lat' dir='ltr'><strong>neci</strong></span> <span class='ocrx_word' id='word_1_109' title='bbox 489 2446 643 2492; x_wconf 89' lang='lat' dir='ltr'><strong>venenum</strong></span> <span class='ocrx_word' id='word_1_110' title='bbox 679 2428 857 2492; x_wconf 87' lang='lat' dir='ltr'><strong>mitteretur</strong></span> <span class='ocrx_word' id='word_1_111' title='bbox 869 2429 900 2491; x_wconf 85' lang='lat'><strong>:”</strong></span> <span class='ocrx_word' id='word_1_112' title='bbox 937 2452 1176 2515; x_wconf 88' lang='lat' dir='ltr'><strong>responsumque</strong></span> <span class='ocrx_word' id='word_1_113' title='bbox 1200 2454 1277 2506; x_wconf 90' lang='lat' dir='ltr'><strong>esse,</strong></span> 
     </span>
     <span class='ocr_line' id='line_1_17' title="bbox 187 2527 1277 2616; baseline 0.001 -22"><span class='ocrx_word' id='word_1_114' title='bbox 187 2538 206 2567; x_wconf 78' lang='lat'><strong>‘⁶</strong></span> <span class='ocrx_word' id='word_1_115' title='bbox 222 2554 282 2595; x_wconf 93' lang='lat' dir='ltr'><strong>non</strong></span> <span class='ocrx_word' id='word_1_116' title='bbox 302 2528 421 2604; x_wconf 90' lang='lat' dir='ltr'><strong>fraude,</strong></span> <span class='ocrx_word' id='word_1_117' title='bbox 438 2551 537 2612; x_wconf 89' lang='lat' dir='ltr'><strong>neque</strong></span> <span class='ocrx_word' id='word_1_118' title='bbox 561 2527 700 2606; x_wconf 88' lang='lat' dir='ltr'><strong>occultis,</strong></span> <span class='ocrx_word' id='word_1_119' title='bbox 718 2528 772 2592; x_wconf 87' lang='lat' dir='ltr'><strong>sed</strong></span> <span class='ocrx_word' id='word_1_120' title='bbox 790 2528 893 2613; x_wconf 87' lang='lat' dir='ltr'><strong>palam</strong></span> <span class='ocrx_word' id='word_1_121' title='bbox 909 2537 940 2592; x_wconf 89' lang='lat' dir='ltr'><strong>et</strong></span> <span class='ocrx_word' id='word_1_122' title='bbox 956 2539 1111 2595; x_wconf 88' lang='lat' dir='ltr'><strong>armatum</strong></span> <span class='ocrx_word' id='word_1_123' title='bbox 1130 2532 1277 2616; x_wconf 91' lang='lat' dir='ltr'><strong>populum</strong></span> 
     </span>
     <span class='ocr_line' id='line_1_18' title="bbox 185 2627 1278 2715; baseline 0 -19"><span class='ocrx_word' id='word_1_124' title='bbox 185 2631 362 2696; x_wconf 83' lang='lat' dir='ltr'><strong>Romanum</strong></span> <span class='ocrx_word' id='word_1_125' title='bbox 389 2628 494 2695; x_wconf 84' lang='lat' dir='ltr'><strong>hostes</strong></span> <span class='ocrx_word' id='word_1_126' title='bbox 522 2652 593 2693; x_wconf 87' lang='lat' dir='ltr'><strong>suos</strong></span> <span class='ocrx_word' id='word_1_127' title='bbox 621 2627 726 2692; x_wconf 90' lang='lat' dir='ltr'><strong>ulcisci</strong></span> <span class='ocrx_word' id='word_1_128' title='bbox 740 2628 769 2690; x_wconf 83' lang='lat'><strong>:&#39;&#39;</strong></span> <span class='ocrx_word' id='word_1_129' title='bbox 795 2652 856 2713; x_wconf 91' lang='lat' dir='ltr'><strong>qua</strong></span> <span class='ocrx_word' id='word_1_130' title='bbox 880 2629 980 2714; x_wconf 84' lang='lat' dir='ltr'><strong>gloria</strong></span> <span class='ocrx_word' id='word_1_131' title='bbox 1005 2632 1149 2715; x_wconf 89' lang='lat' dir='ltr'><strong>aequabat</strong></span> <span class='ocrx_word' id='word_1_132' title='bbox 1174 2655 1207 2696; x_wconf 90' lang='lat' dir='ltr'><strong>se</strong></span> <span class='ocrx_word' id='word_1_133' title='bbox 1226 2633 1278 2695; x_wconf 79' lang='lat' dir='ltr'><strong>Ti-</strong></span> 
     </span>
     <span class='ocr_line' id='line_1_19' title="bbox 185 2727 1276 2817; baseline -0.001 -20"><span class='ocrx_word' id='word_1_134' title='bbox 185 2732 288 2797; x_wconf 86' lang='lat' dir='ltr'><strong>berius</strong></span> <span class='ocrx_word' id='word_1_135' title='bbox 306 2727 413 2814; x_wconf 86' lang='lat' dir='ltr'><strong>priscis</strong></span> <span class='ocrx_word' id='word_1_136' title='bbox 432 2728 679 2812; x_wconf 87' lang='lat' dir='ltr'><strong>imperatoribus,</strong></span> <span class='ocrx_word' id='word_1_137' title='bbox 697 2729 749 2812; x_wconf 92' lang='lat' dir='ltr'><strong>qui</strong></span> <span class='ocrx_word' id='word_1_138' title='bbox 771 2752 924 2793; x_wconf 84' lang='lat' dir='ltr'><strong>venenum</strong></span> <span class='ocrx_word' id='word_1_139' title='bbox 939 2730 971 2793; x_wconf 93' lang='lat' dir='ltr'><strong>in</strong></span> <span class='ocrx_word' id='word_1_140' title='bbox 989 2730 1147 2816; x_wconf 89' lang='lat' dir='ltr'><strong>Pyrrhum</strong></span> <span class='ocrx_word' id='word_1_141' title='bbox 1171 2756 1276 2817; x_wconf 84' lang='lat' dir='ltr'><strong>regem</strong></span> 
     </span>
     <span class='ocr_line' id='line_1_20' title="bbox 185 2828 1275 2921; baseline -0.001 -24"><span class='ocrx_word' id='word_1_142' title='bbox 185 2838 357 2905; x_wconf 86' lang='lat' dir='ltr'><strong>vetuerant,</strong></span> <span class='ocrx_word' id='word_1_143' title='bbox 388 2828 659 2921; x_wconf 88' lang='lat' dir='ltr'><strong>prodiderantque.</strong></span> <span class='ocrx_word' id='word_1_144' title='bbox 712 2829 857 2894; x_wconf 81' lang='lat' dir='ltr'><strong>Ceterum</strong></span> <span class='ocrx_word' id='word_1_145' title='bbox 884 2829 1057 2909; x_wconf 89' lang='lat' dir='ltr'><strong>Arminius,</strong></span> <span class='ocrx_word' id='word_1_146' title='bbox 1083 2832 1275 2897; x_wconf 87' lang='lat' dir='ltr'><strong>abscedenti-</strong></span> 
     </span>
     <span class='ocr_line' id='line_1_21' title="bbox 183 2927 1275 3014; baseline 0.003 -22"><span class='ocrx_word' id='word_1_147' title='bbox 183 2933 243 2998; x_wconf 86' lang='lat' dir='ltr'><strong>bus</strong></span> <span class='ocrx_word' id='word_1_148' title='bbox 265 2928 426 3003; x_wconf 70' lang='lat' dir='ltr'><strong>RomaniS,</strong></span> <span class='ocrx_word' id='word_1_149' title='bbox 443 2936 475 2992; x_wconf 93' lang='lat' dir='ltr'><strong>et</strong></span> <span class='ocrx_word' id='word_1_150' title='bbox 500 2928 588 3014; x_wconf 86' lang='lat' dir='ltr'><strong>pulso</strong></span> <span class='ocrx_word' id='word_1_151' title='bbox 613 2927 819 3006; x_wconf 87' lang='lat' dir='ltr'><strong>Maroboduo,</strong></span> <span class='ocrx_word' id='word_1_152' title='bbox 837 2951 967 3014; x_wconf 78' lang='lat' dir='ltr'><strong>regnum</strong></span> <span class='ocrx_word' id='word_1_153' title='bbox 987 2930 1158 3001; x_wconf 86' lang='lat' dir='ltr'><strong>adfectans,</strong></span> <span class='ocrx_word' id='word_1_154' title='bbox 1183 2931 1275 2995; x_wconf 88' lang='lat' dir='ltr'><strong>liber-</strong></span> 
     </span>
     <span class='ocr_line' id='line_1_22' title="bbox 185 3027 1275 3115; baseline -0.002 -18"><span class='ocrx_word' id='word_1_155' title='bbox 185 3041 283 3097; x_wconf 87' lang='lat' dir='ltr'><strong>tatem</strong></span> <span class='ocrx_word' id='word_1_156' title='bbox 305 3028 500 3115; x_wconf 87' lang='lat' dir='ltr'><strong>popularium</strong></span> <span class='ocrx_word' id='word_1_157' title='bbox 522 3027 684 3093; x_wconf 89' lang='lat' dir='ltr'><strong>adversam</strong></span> <span class='ocrx_word' id='word_1_158' title='bbox 709 3028 837 3093; x_wconf 88' lang='lat' dir='ltr'><strong>habuit:</strong></span> <span class='ocrx_word' id='word_1_159' title='bbox 868 3029 1045 3114; x_wconf 89' lang='lat' dir='ltr'><strong>petitusque</strong></span> <span class='ocrx_word' id='word_1_160' title='bbox 1070 3032 1174 3104; x_wconf 88' lang='lat' dir='ltr'><strong>armis,</strong></span> <span class='ocrx_word' id='word_1_161' title='bbox 1204 3054 1275 3096; x_wconf 90' lang='lat' dir='ltr'><strong>cnm</strong></span> 
     </span>
     <span class='ocr_line' id='line_1_23' title="bbox 184 3128 1276 3214; baseline -0.003 -16"><span class='ocrx_word' id='word_1_162' title='bbox 184 3133 270 3198; x_wconf 88' lang='lat' dir='ltr'><strong>varia</strong></span> <span class='ocrx_word' id='word_1_163' title='bbox 293 3132 419 3194; x_wconf 88' lang='lat' dir='ltr'><strong>fortuna</strong></span> <span class='ocrx_word' id='word_1_164' title='bbox 443 3136 587 3205; x_wconf 86' lang='lat' dir='ltr'><strong>certaret,</strong></span> <span class='ocrx_word' id='word_1_165' title='bbox 614 3128 685 3192; x_wconf 92' lang='lat' dir='ltr'><strong>dolo</strong></span> <span class='ocrx_word' id='word_1_166' title='bbox 708 3129 949 3214; x_wconf 89' lang='lat' dir='ltr'><strong>propinquorum</strong></span> <span class='ocrx_word' id='word_1_167' title='bbox 970 3131 1100 3195; x_wconf 86' lang='lat' dir='ltr'><strong>cecidit:</strong></span> <span class='ocrx_word' id='word_1_168' title='bbox 1126 3130 1276 3196; x_wconf 85' lang='lat' dir='ltr'><strong>liberator</strong></span> 
     </span>
     <span class='ocr_line' id='line_1_24' title="bbox 183 3227 1273 3315; baseline -0.003 -17"><span class='ocrx_word' id='word_1_169' title='bbox 183 3230 379 3298; x_wconf 90' lang='lat' dir='ltr'><strong>hauddubie</strong></span> <span class='ocrx_word' id='word_1_170' title='bbox 401 3227 588 3303; x_wconf 86' lang='lat' dir='ltr'><strong>Germaniae,</strong></span> <span class='ocrx_word' id='word_1_171' title='bbox 606 3237 638 3292; x_wconf 84' lang='lat' dir='ltr'><strong>et</strong></span> <span class='ocrx_word' id='word_1_172' title='bbox 657 3229 709 3313; x_wconf 91' lang='lat' dir='ltr'><strong>qui</strong></span> <span class='ocrx_word' id='word_1_173' title='bbox 727 3251 789 3293; x_wconf 92' lang='lat' dir='ltr'><strong>non</strong></span> <span class='ocrx_word' id='word_1_174' title='bbox 814 3229 983 3314; x_wconf 92' lang='lat' dir='ltr'><strong>primordia</strong></span> <span class='ocrx_word' id='word_1_175' title='bbox 1004 3230 1108 3315; x_wconf 92' lang='lat' dir='ltr'><strong>populi</strong></span> <span class='ocrx_word' id='word_1_176' title='bbox 1130 3230 1273 3309; x_wconf 88' lang='lat' dir='ltr'><strong>Romani,</strong></span> 
     </span>
     <span class='ocr_line' id='line_1_25' title="bbox 183 3327 1274 3416; baseline -0.002 -16"><span class='ocrx_word' id='word_1_177' title='bbox 183 3334 264 3400; x_wconf 87' lang='lat' dir='ltr'><strong>sicut</strong></span> <span class='ocrx_word' id='word_1_178' title='bbox 288 3332 340 3397; x_wconf 89' lang='lat' dir='ltr'><strong>alii</strong></span> <span class='ocrx_word' id='word_1_179' title='bbox 366 3351 454 3415; x_wconf 84' lang='lat' dir='ltr'><strong>reges</strong></span> <span class='ocrx_word' id='word_1_180' title='bbox 473 3328 639 3413; x_wconf 88' lang='lat' dir='ltr'><strong>ducesque,</strong></span> <span class='ocrx_word' id='word_1_181' title='bbox 655 3329 711 3393; x_wconf 89' lang='lat' dir='ltr'><strong>sed</strong></span> <span class='ocrx_word' id='word_1_182' title='bbox 725 3327 977 3394; x_wconf 87' lang='lat' dir='ltr'><strong>florentissimum</strong></span> <span class='ocrx_word' id='word_1_183' title='bbox 998 3330 1160 3416; x_wconf 87' lang='lat' dir='ltr'><strong>imperinm</strong></span> <span class='ocrx_word' id='word_1_184' title='bbox 1179 3332 1274 3398; x_wconf 86' lang='lat' dir='ltr'><strong>laces-</strong></span> 
     </span>
     <span class='ocr_line' id='line_1_26' title="bbox 183 3429 1275 3518; baseline -0.003 -18"><span class='ocrx_word' id='word_1_185' title='bbox 183 3435 288 3500; x_wconf 87' lang='lat' dir='ltr'><strong>sierit:</strong></span> <span class='ocrx_word' id='word_1_186' title='bbox 312 3430 425 3518; x_wconf 86' lang='lat' dir='ltr'><strong>proeliis</strong></span> <span class='ocrx_word' id='word_1_187' title='bbox 444 3429 620 3515; x_wconf 81' lang='lat' dir='ltr'><strong>ambiguus,</strong></span> <span class='ocrx_word' id='word_1_188' title='bbox 637 3429 717 3494; x_wconf 87' lang='lat' dir='ltr'><strong>bello</strong></span> <span class='ocrx_word' id='word_1_189' title='bbox 735 3452 795 3493; x_wconf 92' lang='lat' dir='ltr'><strong>non</strong></span> <span class='ocrx_word' id='word_1_190' title='bbox 812 3430 930 3494; x_wconf 86' lang='lat' dir='ltr'><strong>vietus:</strong></span> <span class='ocrx_word' id='word_1_191' title='bbox 956 3438 1075 3515; x_wconf 87' lang='lat' dir='ltr'><strong>septem</strong></span> <span class='ocrx_word' id='word_1_192' title='bbox 1091 3442 1123 3496; x_wconf 86' lang='lat' dir='ltr'><strong>et</strong></span> <span class='ocrx_word' id='word_1_193' title='bbox 1145 3432 1275 3518; x_wconf 86' lang='lat' dir='ltr'><strong>triginta</strong></span> 
     </span>
     <span class='ocr_line' id='line_1_27' title="bbox 182 3530 1275 3616; baseline -0.002 -16"><span class='ocrx_word' id='word_1_194' title='bbox 182 3534 386 3609; x_wconf 76' lang='lat' dir='ltr'><strong>amoenitas,</strong></span> <span class='ocrx_word' id='word_1_195' title='bbox 414 3530 577 3594; x_wconf 90' lang='lat' dir='ltr'><strong>duodecim</strong></span> <span class='ocrx_word' id='word_1_196' title='bbox 603 3530 750 3614; x_wconf 86' lang='lat' dir='ltr'><strong>potentiae</strong></span> <span class='ocrx_word' id='word_1_197' title='bbox 775 3530 931 3616; x_wconf 84' lang='lat' dir='ltr'><strong>explevit:</strong></span> <span class='ocrx_word' id='word_1_198' title='bbox 963 3531 1144 3616; x_wconf 89' lang='lat' dir='ltr'><strong>caniturque</strong></span> <span class='ocrx_word' id='word_1_199' title='bbox 1173 3534 1275 3598; x_wconf 88' lang='lat' dir='ltr'><strong>adhue</strong></span> 
     </span>
     <span class='ocr_line' id='line_1_28' title="bbox 182 3629 1276 3717; baseline -0.002 -17"><span class='ocrx_word' id='word_1_200' title='bbox 182 3635 330 3700; x_wconf 89' lang='lat' dir='ltr'><strong>barbaras</strong></span> <span class='ocrx_word' id='word_1_201' title='bbox 352 3630 436 3717; x_wconf 92' lang='lat' dir='ltr'><strong>apud</strong></span> <span class='ocrx_word' id='word_1_202' title='bbox 458 3639 590 3715; x_wconf 71' lang='lat' dir='ltr'><strong>gentes,</strong></span> <span class='ocrx_word' id='word_1_203' title='bbox 620 3629 799 3694; x_wconf 78' lang='lat' dir='ltr'><strong>Graecorum</strong></span> <span class='ocrx_word' id='word_1_204' title='bbox 814 3630 978 3696; x_wconf 86' lang='lat' dir='ltr'><strong>annalibus</strong></span> <span class='ocrx_word' id='word_1_205' title='bbox 1000 3632 1134 3717; x_wconf 83' lang='lat' dir='ltr'><strong>ignotus,</strong></span> <span class='ocrx_word' id='word_1_206' title='bbox 1151 3635 1201 3716; x_wconf 92' lang='lat' dir='ltr'><strong>qui</strong></span> <span class='ocrx_word' id='word_1_207' title='bbox 1220 3658 1276 3698; x_wconf 86' lang='lat' dir='ltr'><strong>sua</strong></span> 
     </span>
     <span class='ocr_line' id='line_1_29' title="bbox 183 3730 1274 3816; baseline -0.003 -15"><span class='ocrx_word' id='word_1_208' title='bbox 183 3743 307 3801; x_wconf 91' lang='lat' dir='ltr'><strong>tantum</strong></span> <span class='ocrx_word' id='word_1_209' title='bbox 330 3732 504 3796; x_wconf 89' lang='lat' dir='ltr'><strong>mirantur:</strong></span> <span class='ocrx_word' id='word_1_210' title='bbox 533 3730 682 3794; x_wconf 82' lang='lat' dir='ltr'><strong>Romanis</strong></span> <span class='ocrx_word' id='word_1_211' title='bbox 700 3731 785 3795; x_wconf 89' lang='lat' dir='ltr'><strong>hand</strong></span> <span class='ocrx_word' id='word_1_212' title='bbox 807 3730 936 3816; x_wconf 90' lang='lat' dir='ltr'><strong>perinde</strong></span> <span class='ocrx_word' id='word_1_213' title='bbox 960 3733 1097 3810; x_wconf 88' lang='lat' dir='ltr'><strong>celebris,</strong></span> <span class='ocrx_word' id='word_1_214' title='bbox 1121 3731 1196 3797; x_wconf 92' lang='lat' dir='ltr'><strong>dum</strong></span> <span class='ocrx_word' id='word_1_215' title='bbox 1224 3757 1274 3798; x_wconf 89' lang='lat' dir='ltr'><strong>ve·</strong></span> 
     </span>
     <span class='ocr_line' id='line_1_30' title="bbox 182 3830 809 3907; baseline -0.011 -6"><span class='ocrx_word' id='word_1_216' title='bbox 182 3845 250 3901; x_wconf 89' lang='lat' dir='ltr'><strong>tera</strong></span> <span class='ocrx_word' id='word_1_217' title='bbox 264 3833 453 3907; x_wconf 86' lang='lat' dir='ltr'><strong>extollimus,</strong></span> <span class='ocrx_word' id='word_1_218' title='bbox 468 3830 638 3895; x_wconf 87' lang='lat' dir='ltr'><strong>recentium</strong></span> <span class='ocrx_word' id='word_1_219' title='bbox 654 3831 809 3895; x_wconf 89' lang='lat' dir='ltr'><strong>incuriosi.</strong></span> 
     </span>
    </p>

    <p class='ocr_par' dir='ltr' id='par_1_7' title="bbox 181 3930 1274 4216">
     <span class='ocr_line' id='line_1_31' title="bbox 245 3930 1274 4017; baseline 0.003 -19"><span class='ocrx_word' id='word_1_220' title='bbox 245 3931 430 3999; x_wconf 87' lang='lat' dir='ltr'><strong>Additional</strong></span> <span class='ocrx_word' id='word_1_221' title='bbox 467 3930 543 3995; x_wconf 87' lang='lat' dir='ltr'><strong>data</strong></span> <span class='ocrx_word' id='word_1_222' title='bbox 582 3953 657 4017; x_wconf 89' lang='lat' dir='ltr'><strong>may</strong></span> <span class='ocrx_word' id='word_1_223' title='bbox 685 3931 723 3995; x_wconf 89' lang='lat' dir='ltr'><strong>be</strong></span> <span class='ocrx_word' id='word_1_224' title='bbox 761 3931 912 3995; x_wconf 89' lang='lat' dir='ltr'><strong>collected</strong></span> <span class='ocrx_word' id='word_1_225' title='bbox 950 3932 1028 3997; x_wconf 88' lang='lat' dir='ltr'><strong>from</strong></span> <span class='ocrx_word' id='word_1_226' title='bbox 1058 3933 1119 3996; x_wconf 85' lang='lat' dir='ltr'><strong>Dio</strong></span> <span class='ocrx_word' id='word_1_227' title='bbox 1148 3935 1274 4001; x_wconf 76' lang='lat' dir='ltr'><strong>Cassius</strong></span> 
     </span>
     <span class='ocr_line' id='line_1_32' title="bbox 185 4031 1272 4120; baseline 0 -21"><span class='ocrx_word' id='word_1_228' title='bbox 185 4042 262 4119; x_wconf 77' lang='lat' dir='ltr'><strong>(cvr.</strong></span> <span class='ocrx_word' id='word_1_229' title='bbox 281 4035 422 4115; x_wconf 81' lang='lat'>18-24)</span> <span class='ocrx_word' id='word_1_230' title='bbox 437 4057 446 4105; x_wconf 74' lang='grc' dir='ltr'><strong>ς</strong></span> <span class='ocrx_word' id='word_1_231' title='bbox 471 4031 527 4095; x_wconf 89' lang='lat' dir='ltr'><strong>hut</strong></span> <span class='ocrx_word' id='word_1_232' title='bbox 543 4031 597 4095; x_wconf 90' lang='lat' dir='ltr'><strong>the</strong></span> <span class='ocrx_word' id='word_1_233' title='bbox 613 4038 753 4097; x_wconf 85' lang='lat' dir='ltr'><strong>extracta</strong></span> <span class='ocrx_word' id='word_1_234' title='bbox 768 4031 848 4095; x_wconf 90' lang='lat' dir='ltr'><strong>have</strong></span> <span class='ocrx_word' id='word_1_235' title='bbox 862 4031 992 4118; x_wconf 89' lang='lat' dir='ltr'><strong>already</strong></span> <span class='ocrx_word' id='word_1_236' title='bbox 1003 4035 1081 4097; x_wconf 87' lang='lat' dir='ltr'><strong>been</strong></span> <span class='ocrx_word' id='word_1_237' title='bbox 1096 4057 1130 4098; x_wconf 89' lang='lat' dir='ltr'><strong>so</strong></span> <span class='ocrx_word' id='word_1_238' title='bbox 1142 4035 1272 4120; x_wconf 84' lang='lat' dir='ltr'><strong>lengthy</strong></span> 
     </span>
     <span class='ocr_line' id='line_1_33' title="bbox 181 4131 1071 4216; baseline -0.006 -13"><span class='ocrx_word' id='word_1_239' title='bbox 181 4161 216 4204; x_wconf 88' lang='lat' dir='ltr'><strong>as</strong></span> <span class='ocrx_word' id='word_1_240' title='bbox 233 4146 267 4201; x_wconf 92' lang='lat' dir='ltr'><strong>to</strong></span> <span class='ocrx_word' id='word_1_241' title='bbox 288 4135 376 4198; x_wconf 84' lang='lat' dir='ltr'><strong>leave</strong></span> <span class='ocrx_word' id='word_1_242' title='bbox 391 4153 478 4196; x_wconf 89' lang='lat' dir='ltr'><strong>room</strong></span> <span class='ocrx_word' id='word_1_243' title='bbox 494 4131 568 4216; x_wconf 89' lang='lat' dir='ltr'><strong>only</strong></span> <span class='ocrx_word' id='word_1_244' title='bbox 584 4131 631 4195; x_wconf 83' lang='lat' dir='ltr'><strong>for</strong></span> <span class='ocrx_word' id='word_1_245' title='bbox 648 4131 702 4195; x_wconf 86' lang='lat' dir='ltr'><strong>the</strong></span> <span class='ocrx_word' id='word_1_246' title='bbox 718 4131 858 4197; x_wconf 85' lang='lat' dir='ltr'><strong>remarks</strong></span> <span class='ocrx_word' id='word_1_247' title='bbox 873 4134 909 4197; x_wconf 91' lang='lat' dir='ltr'><strong>of</strong></span> <span class='ocrx_word' id='word_1_248' title='bbox 922 4132 1071 4198; x_wconf 91' lang='lat' dir='ltr'><strong>Niebuhr.</strong></span> 
     </span>
    </p>
   </div>
   <div class='ocr_carea' id='block_1_7' title="bbox 573 4336 878 4379">
    <p class='ocr_par' dir='ltr' id='par_1_8' title="bbox 573 4336 878 4379">
     <span class='ocr_line' id='line_1_34' title="bbox 573 4336 878 4379; baseline 0.007 -3"><span class='ocrx_word' id='word_1_249' title='bbox 573 4336 721 4379; x_wconf 79' lang='lat' dir='ltr'>LECTURES</span> <span class='ocrx_word' id='word_1_250' title='bbox 742 4338 803 4378; x_wconf 77' lang='lat' dir='ltr'><strong>cix.</strong></span> <span class='ocrx_word' id='word_1_251' title='bbox 829 4338 878 4378; x_wconf 82' lang='lat' dir='ltr'><strong>CX.</strong></span> 
     </span>
    </p>
   </div>
   <div class='ocr_carea' id='block_1_8' title="bbox 179 4429 1271 4820">
    <p class='ocr_par' dir='ltr' id='par_1_9' title="bbox 179 4429 1271 4820">
     <span class='ocr_line' id='line_1_35' title="bbox 224 4429 1271 4509; baseline -0.005 -10"><span class='ocrx_word' id='word_1_252' title='bbox 224 4436 295 4499; x_wconf 89' lang='lat' dir='ltr'><strong>The</strong></span> <span class='ocrx_word' id='word_1_253' title='bbox 321 4431 459 4496; x_wconf 83' lang='lat' dir='ltr'><strong>German</strong></span> <span class='ocrx_word' id='word_1_254' title='bbox 486 4452 575 4508; x_wconf 82' lang='lat' dir='ltr'><strong>ware,</strong></span> <span class='ocrx_word' id='word_1_255' title='bbox 599 4430 701 4494; x_wconf 87' lang='lat' dir='ltr'><strong>which</strong></span> <span class='ocrx_word' id='word_1_256' title='bbox 723 4429 921 4494; x_wconf 90' lang='lat' dir='ltr'><strong>commenced</strong></span> <span class='ocrx_word' id='word_1_257' title='bbox 945 4430 977 4495; x_wconf 91' lang='lat' dir='ltr'><strong>in</strong></span> <span class='ocrx_word' id='word_1_258' title='bbox 1011 4430 1082 4509; x_wconf 82' lang='lat'><strong>740,</strong></span> <span class='ocrx_word' id='word_1_259' title='bbox 1110 4453 1191 4494; x_wconf 89' lang='lat' dir='ltr'><strong>were</strong></span> <span class='ocrx_word' id='word_1_260' title='bbox 1217 4432 1271 4495; x_wconf 87' lang='lat' dir='ltr'><strong>the</strong></span> 
     </span>
     <span class='ocr_line' id='line_1_36' title="bbox 180 4529 1270 4619; baseline -0.008 -15"><span class='ocrx_word' id='word_1_261' title='bbox 180 4554 389 4619; x_wconf 90' lang='lat' dir='ltr'><strong>consequence</strong></span> <span class='ocrx_word' id='word_1_262' title='bbox 410 4531 448 4595; x_wconf 86' lang='lat' dir='ltr'><strong>of</strong></span> <span class='ocrx_word' id='word_1_263' title='bbox 471 4531 524 4594; x_wconf 89' lang='lat' dir='ltr'><strong>the</strong></span> <span class='ocrx_word' id='word_1_264' title='bbox 551 4538 716 4613; x_wconf 79' lang='lat' dir='ltr'><strong>conquesta</strong></span> <span class='ocrx_word' id='word_1_265' title='bbox 743 4531 774 4594; x_wconf 92' lang='lat' dir='ltr'><strong>in</strong></span> <span class='ocrx_word' id='word_1_266' title='bbox 803 4533 856 4594; x_wconf 86' lang='lat' dir='ltr'><strong>the</strong></span> <span class='ocrx_word' id='word_1_267' title='bbox 873 4530 963 4614; x_wconf 90' lang='lat' dir='ltr'><strong>Alps.</strong></span> <span class='ocrx_word' id='word_1_268' title='bbox 1021 4529 1088 4594; x_wconf 85' lang='lat' dir='ltr'><strong>The</strong></span> <span class='ocrx_word' id='word_1_269' title='bbox 1116 4531 1270 4615; x_wconf 83' lang='lat' dir='ltr'><strong>Sigambri</strong></span> 
     </span>
     <span class='ocr_line' id='line_1_37' title="bbox 180 4630 1271 4704; baseline -0.005 -1"><span class='ocrx_word' id='word_1_270' title='bbox 180 4660 263 4704; x_wconf 88' lang='lat' dir='ltr'><strong>seem</strong></span> <span class='ocrx_word' id='word_1_271' title='bbox 278 4634 383 4700; x_wconf 85' lang='lat' dir='ltr'><strong>before</strong></span> <span class='ocrx_word' id='word_1_272' title='bbox 401 4631 464 4695; x_wconf 88' lang='lat' dir='ltr'><strong>this</strong></span> <span class='ocrx_word' id='word_1_273' title='bbox 489 4630 564 4694; x_wconf 88' lang='lat' dir='ltr'><strong>time</strong></span> <span class='ocrx_word' id='word_1_274' title='bbox 581 4643 614 4694; x_wconf 89' lang='lat' dir='ltr'><strong>to</strong></span> <span class='ocrx_word' id='word_1_275' title='bbox 631 4630 711 4695; x_wconf 83' lang='lat' dir='ltr'><strong>have</strong></span> <span class='ocrx_word' id='word_1_276' title='bbox 728 4630 863 4694; x_wconf 89' lang='lat' dir='ltr'><strong>invaded</strong></span> <span class='ocrx_word' id='word_1_277' title='bbox 889 4631 944 4694; x_wconf 84' lang='lat' dir='ltr'><strong>the</strong></span> <span class='ocrx_word' id='word_1_278' title='bbox 970 4630 1027 4694; x_wconf 80' lang='lat' dir='ltr'><strong>leit</strong></span> <span class='ocrx_word' id='word_1_279' title='bbox 1053 4630 1138 4695; x_wconf 89' lang='lat' dir='ltr'><strong>bank</strong></span> <span class='ocrx_word' id='word_1_280' title='bbox 1163 4632 1200 4695; x_wconf 85' lang='lat' dir='ltr'><strong>of</strong></span> <span class='ocrx_word' id='word_1_281' title='bbox 1218 4632 1271 4697; x_wconf 93' lang='lat' dir='ltr'><strong>the</strong></span> 
     </span>
     <span class='ocr_line' id='line_1_38' title="bbox 179 4730 1271 4820; baseline -0.007 -16"><span class='ocrx_word' id='word_1_282' title='bbox 179 4737 281 4804; x_wconf 83' lang='lat' dir='ltr'><strong>Rhine</strong></span> <span class='ocrx_word' id='word_1_283' title='bbox 303 4736 335 4800; x_wconf 92' lang='lat' dir='ltr'><strong>in</strong></span> <span class='ocrx_word' id='word_1_284' title='bbox 353 4756 410 4797; x_wconf 92' lang='lat' dir='ltr'><strong>our</strong></span> <span class='ocrx_word' id='word_1_285' title='bbox 426 4730 682 4817; x_wconf 84' lang='lat' dir='ltr'><strong>neighbourhood</strong></span> <span class='ocrx_word' id='word_1_286' title='bbox 697 4758 706 4804; x_wconf 86' lang='lat'><strong>;</strong></span> <span class='ocrx_word' id='word_1_287' title='bbox 729 4731 787 4795; x_wconf 86' lang='lat' dir='ltr'><strong>but</strong></span> <span class='ocrx_word' id='word_1_288' title='bbox 803 4731 880 4816; x_wconf 89' lang='lat' dir='ltr'><strong>they</strong></span> <span class='ocrx_word' id='word_1_289' title='bbox 895 4730 958 4795; x_wconf 89' lang='lat' dir='ltr'><strong>had</strong></span> <span class='ocrx_word' id='word_1_290' title='bbox 982 4731 1059 4796; x_wconf 91' lang='lat' dir='ltr'><strong>been</strong></span> <span class='ocrx_word' id='word_1_291' title='bbox 1076 4732 1212 4817; x_wconf 90' lang='lat' dir='ltr'><strong>repelled</strong></span> <span class='ocrx_word' id='word_1_292' title='bbox 1228 4733 1271 4820; x_wconf 92' lang='lat' dir='ltr'><strong>by</strong></span> 
     </span>
    </p>
   </div>
   <div class='ocr_carea' id='block_1_9' title="bbox 0 0 1448 5378">
    <p class='ocr_par' dir='ltr' id='par_1_10' title="bbox 0 0 1448 5378">
     <span class='ocr_line' id='line_1_39' title="bbox 0 0 1448 5378; baseline 0 4"><span class='ocrx_word' id='word_1_293' title='bbox 0 0 1448 5378; x_wconf 95' lang='lat' dir='ltr'><strong> </strong></span> 
     </span>
    </p>
   </div>
  </div>
 </body>
</html>
