2886 5378
260 727 319 796 viii
528 739 604 795 nnn
629 738 810 794 snnnsrw
837 739 885 795 on
909 739 1076 796 rscnns

306 903 354 966 19.
377 892 460 961 ’Ὑπὸ
484 893 520 960 δὲ
543 894 619 966 τοὺς
644 894 805 978 &hl-(pac
826 894 1039 966 Καλούντωνες
1065 892 1117 980 ἐφ’
1134 893 1274 981 ἑκάτερα
1298 893 1364 960 τοῦ

257 998 384 1071 Ἄλὸιος
409 998 573 1082 ποταμοῦ,
600 996 655 1084 ὑφ’
682 998 737 1070 οὓς
763 996 968 1085 Χαιρουσντοὶ
996 996 1052 1063 καὶ
1081 997 1233 1081 Χαμαυοὶ
1254 996 1363 1086 μέχρι

260 1107 321 1170 τοῦ
336 1101 529 1183 Μηλιὸόκου
543 1103 648 1190 ὄρους.

303 1214 356 1272 20.
373 1204 439 1271 Ὧν
463 1205 547 1294 πρὸς
568 1204 735 1277 ἀνατολὰς
753 1204 831 1293 περὶ
858 1205 915 1271 τὸν
935 1204 1043 1272 huto
1068 1204 1221 1289 ποταμὸν
1240 1212 1358 1271 Βαινο·

260 1313 396 1398 χαῖμαι,
419 1309 501 1397 ὑπὲρ
532 1308 588 1380 οὓς
614 1307 773 1385 Βατεινοὶ,
798 1306 855 1373 καὶ
888 1308 937 1374 ἔτι
968 1308 1051 1396 ὑπὲρ
1073 1308 1209 1380 τούτους
1232 1307 1297 1374 ὑπὸ
1319 1311 1363 1375 τὸ

259 1411 500 1501 Ἀσκιὸούργιον
514 1413 589 1500 ὅρος
605 1411 783 1501 Κορκοντοὶ
796 1411 853 1477 καὶ
875 1411 1039 1499 Λούγ(ι)οι
1061 1410 1095 1477 οἱ
1114 1415 1232 1497 Βοῦραν
1253 1411 1363 1501 μέχρι

260 1521 318 1599 τῆς
333 1521 481 1603 κεφαλῆς
496 1516 555 1582 τοῦ
575 1514 769 1582 Οὐιστούλα
784 1520 947 1599 ποταμοῦ.

304 1629 356 1686 21.
386 1620 469 1687 Ὑπὸ
488 1618 523 1686 δὲ
546 1619 683 1691 τούτους
707 1622 836 1707 πρῶτον
860 1618 1008 1702 Σίδωνες,
1033 1617 1106 1686 εἶτα
1131 1622 1267 1703 Κῶγνοι,
1284 1617 1362 1686 εἶτα

261 1723 499 1812 Οὐισὸούργιοι
515 1723 598 1809 ὑπὲρ
614 1722 671 1789 τὸν
684 1720 855 1812 Ὀρκύνιον
874 1721 1005 1811 δρυμόν.

305 1836 356 1893 22.
384 1828 495 1893 Πάλιν
516 1825 574 1893 ἀπ’
589 1827 761 1892 ἀνατολῶν
783 1825 844 1909 μὲν
859 1830 925 1892 τῶν
942 1823 1132 1894 Ἀὅνοὸαίων
1147 1826 1231 1914 ὀρῶν
1247 1827 1359 1892 οἰκοῦ-

262 1958 319 1997 σιν
350 1932 433 2020 ὑπὲρ
459 1931 535 2003 τοὺς
566 1927 728 2011 Σουήὸους
751 1930 951 2017 Κασουάροι,
986 1928 1058 1996 εἶτα
1087 1931 1361 2020 Νερτερέανες

263 2032 335 2100 εἶτα
350 2034 583 2109 Δανδοΰτοι,
607 2032 662 2120 ὑφ’
674 2033 730 2105 οὓς
743 2034 942 2118 Τούρεονοι
957 2034 1013 2099 καὶ
1032 2033 1247 2122 Μαρουίγγοι.

304 2146 357 2204 23.
378 2137 461 2205 ’Ὑπὸ
488 2137 523 2203 δὲ
544 2137 619 2209 τοὺς
642 2133 818 2220 Χαμαυοὺς
844 2135 983 2213 Χάτται,
1006 2136 1062 2202 καὶ
1085 2137 1275 2212 Τούὸαντοι,
1300 2138 1361 2204 καὶ

263 2243 347 2329 ὑπὲρ
372 2246 413 2308 τὰ
438 2241 589 2322 Σούδητα
610 2242 670 2326 ὄρη
690 2245 942 2328 Τευριοχαῖμαι,
965 2240 1030 2306 ὑπὸ
1054 2240 1090 2307 δὲ
1119 2241 1162 2307 τὰ
1185 2243 1244 2327 ὅρη
1270 2242 1360 2307 Οὐα-

260 2346 384 2435 ριστοί.

305 2459 356 2515 24.
380 2446 463 2514 Εἶτα
486 2445 700 2534 ἡΓαμόρήτα
722 2448 797 2528 ὕλη,
827 2446 885 2512 καὶ
914 2446 979 2513 ὑπὸ
1000 2446 1160 2530 μὲντοὺς
1187 2449 1355 2534 Μαρουίνγ·

261 2580 340 2638 γους
356 2551 591 2640 Κουρίωνος,
614 2548 686 2616 εἶτα
705 2551 922 2635 Χαιτούωροι,
945 2549 1122 2638 καὶμέχρι
1144 2555 1203 2618 τοῦ
1230 2561 1355 2618 Δανου-

262 2655 333 2723 δίου
348 2655 501 2739 ποταμοῦ
516 2653 549 2720 οἱ
562 2654 895 2741 Παρμαικάμποι.

305 2768 357 2826 25.
379 2758 463 2826 ’Ὑπὸ
485 2757 520 2824 δὲ
551 2759 611 2839 τὴν
642 2753 836 2844 Γαμὸρήταν
861 2757 943 2836 ὕλην
969 2757 1195 2843 Μαρκομανοὶ,
1219 2758 1274 2845 ὑφ’
1299 2761 1356 2832 οὓς

263 2862 428 2944 Σουδηνοὶ,
459 2861 515 2927 καὶ
548 2861 652 2947 μέχρι
686 2863 745 2925 τοῦ
775 2858 955 2925 Δανουὸίου
990 2865 1144 2943 ποταμοῦ
1171 2860 1206 2927 οἱ
1234 2861 1353 2950 Ἀδρα-

263 2964 495 3050 ὅαικάμποι.

306 3074 358 3137 26.
379 3069 462 3135 ’Ὑπὸ
487 3067 522 3133 δὲ
545 3066 602 3133 τὸν
629 3065 799 3151 Ὀρκύνιον
823 3065 944 3154 δρυμὸν
972 3066 1124 3145 Κουάδοι,
1148 3068 1202 3156 ὑφ’
1224 3071 1278 3141 οὓς
1311 3071 1355 3138 τὰ

264 3174 509 3262 σιδηρωρυχεῖα
525 3169 581 3235 καὶ
596 3169 616 3250 ἡ
631 3173 738 3235 Λοῦνα
752 3171 827 3249 ὕλη,
844 3166 898 3255 ὑφ’
913 3168 953 3251 ἣν
966 3169 1053 3252 μέγα
1069 3169 1162 3243 ἔθνος
1179 3171 1213 3237 οἱ
1234 3177 1353 3256 Βαῑμοι

263 3279 365 3368 μέχρι
379 3276 438 3343 τοῦ
453 3271 643 3353 Δανουὲίου,
668 3272 725 3338 καὶ
748 3276 899 3360 συνεχεῖς
914 3272 1026 3344 αὐτοῖς
1040 3274 1119 3361 περὶ
1134 3277 1190 3341 τὸν
1204 3278 1357 3360 ποταμὸν

264 3383 296 3450 οἱ
308 3378 584 3469 Τερακατρίαι
600 3376 656 3442 καὶ
675 3373 708 3441 οἱ
720 3375 804 3463 πρὸς
819 3379 888 3447 τοῖς
904 3377 1055 3459 Κάμποις
1068 3375 1267 3446 Ῥακάται.

354 3644 371 3728 ᾗ
394 3665 424 3706 V.
448 3661 600 3703 EX‘I'RACTS
623 3661 703 3702 mon
726 3661 901 3702 JORNANDES
923 3662 965 3701 DE
987 3662 1092 3702 REBUS
1114 3663 1253 3708 ultricis,

308 3812 331 3875 .Ι
333 3810 494 3886 ornandos,
508 3834 547 3875 an
560 3810 758 3875 ostro-Goth
772 3810 815 3896 by
834 3811 929 3886 birth,
945 3834 1009 3875 was
1026 3811 1143 3898 Bishop
1158 3814 1195 3877 ol
1205 3815 1358 3881 Ravenna

265 3913 361 3977 about
390 3936 450 3976 nu.
465 3915 539 3977 530.
591 3911 661 3975 The
685 3910 843 3996 following
868 3918 1008 3976 extracto
1035 3935 1087 3977 ure
1114 3914 1217 3999 given,
1238 3916 1284 3978 for
1301 3917 1356 3981 the

267 4014 342 4077 sake
364 4012 401 4076 ol‘
427 4012 567 4097 showing
596 4010 649 4076 tho
678 4010 758 4074 form
785 4011 886 4075 which
914 4034 933 4076 a
964 4011 1100 4078 mixture
1128 4015 1165 4078 of
1195 4016 1357 4096 tradition,

268 4112 469 4198 speculation
487 4112 550 4176 and
567 4112 810 4196 heterogeneous
825 4119 975 4177 accounts
988 4111 1026 4176 ot'
1041 4113 1132 4178 other
1148 4117 1357 4200 populations,

268 4212 345 4277 took
372 4213 403 4276 in
431 4212 485 4276 the
512 4211 612 4277 hands
639 4210 676 4274 of
692 4232 749 4274 ono
781 4211 817 4275 ol‘
841 4212 895 4276 the
923 4209 990 4277 lirst
1015 4214 1120 4279 native
1153 4215 1256 4282 Goths
1285 4217 1358 4282 who

268 4311 418 4378 attended
434 4321 467 4375 to
484 4311 538 4376 the
552 4310 732 4396 antiquitics
748 4309 785 4374 of
801 4312 849 4376 his
864 4312 981 4377 nation.

311 4411 441 4496 Having
464 4411 618 4497 promised
644 4411 670 4476 it
699 4433 762 4474 was
785 4411 865 4475 from
893 4413 946 4477 the
976 4413 1081 4478 bosom
1112 4415 1149 4479 of
1165 4440 1185 4481 c
1209 4419 1358 4482 northern

267 4513 367 4579 island
400 4511 514 4576 named
547 4511 687 4587 Scantia,
720 4511 790 4576 that
817 4512 866 4576 his
894 4521 1098 4600 oouutrynrcn
1127 4539 1223 4593 cume,
1254 4518 1316 4583 like
1339 4541 1360 4582 a

267 4637 379 4680 swcnn
397 4611 526 4687 otheos,
543 4612 609 4677 into
628 4611 763 4697 Europe,
780 4611 938 4677 audather
954 4614 1141 4680 arefercnce
1158 4627 1192 4681 to
1211 4618 1360 4704 Ptolcmy

268 4716 307 4780 he
323 4714 526 4780 continuos--
