2886 5378
555 839 846 895 enonncounur.
1172 825 1248 894 lxiii

150 1000 373 1067 maturandum
402 1001 461 1066 sibi
486 1000 689 1080 existimarit,
719 1024 767 1083 ne,
786 1002 811 1066 si
836 1024 918 1066 nova
941 1023 1052 1066 manns
1075 1001 1248 1067 Suevornm

149 1125 221 1166 cum
239 1102 397 1167 veteribus
418 1100 514 1186 copiis
532 1101 685 1166 Ariovisti
707 1125 773 1167 sese
796 1100 1017 1187 conjunxisset,
1036 1103 1138 1167 minus
1160 1103 1249 1168 facile

149 1204 251 1269 resisti
266 1212 383 1289 posset.
436 1202 548 1286 Itaque
565 1225 599 1266 re
617 1203 831 1281 frumentaria,
847 1225 940 1288 quam
958 1203 1116 1268 celerrime
1133 1205 1249 1289 potuit,

150 1310 343 1388 comparata,
361 1303 484 1388 magnis
497 1302 661 1368 itineribus
677 1303 719 1368 ad
732 1304 933 1369 Ariovistum
951 1304 1122 1369 contendit.

211 1402 428 1467 XXXVIII.
461 1403 566 1486 Quum
595 1402 692 1468 tridui
716 1403 801 1468 viam
826 1404 1035 1491 processisset,
1067 1405 1248 1470 nunciatum

152 1510 202 1569 ‘ast
218 1504 256 1581 ei,
273 1503 471 1570 Ariovistum
493 1526 564 1568 cnm
592 1503 656 1570 suis
681 1504 825 1569 omnibus
847 1505 943 1590 copiis
964 1506 1006 1569 ad
1030 1505 1250 1590 occupandum

39 1630 43 1635 ·
154 1604 390 1682 Vesontionem,
409 1605 492 1688 quod
510 1614 557 1669 est
572 1604 722 1690 oppidum
748 1606 921 1670 maximum
937 1605 1161 1690 Sequanorum,
1179 1629 1251 1671 cou-

153 1706 290 1783 tendere,
308 1706 466 1790 triduique
482 1706 565 1770 viam
584 1728 604 1769 a
620 1705 684 1770 suis
698 1703 812 1771 finibus
821 1706 1016 1790 processisse.
1062 1707 1101 1770 Id
1116 1730 1155 1770 ne
1171 1708 1250 1771 acci-

153 1806 251 1883 deret,
280 1828 394 1892 magno
420 1829 512 1891 opere
541 1805 598 1869 sibi
626 1806 864 1891 praecavendum
892 1805 996 1872 (laesar
1025 1808 1248 1872 existimabat:

153 1930 287 1992 namque
308 1907 447 1971 omnium
474 1929 675 1990 rerumquae
702 1906 742 1970 ad
767 1906 883 1971 bellum
910 1909 978 1973 usui
1009 1915 1109 1985 erant,
1128 1930 1251 1973 summa

154 2016 222 2072 erat
236 2008 268 2073 in
295 2030 332 2072 eo
348 2008 463 2094 oppido
487 2006 639 2083 facultati,
664 2007 756 2091 idque
772 2016 885 2072 natura
899 2008 958 2072 loci
976 2009 1019 2074 sic
1042 2009 1251 2085 muniebatur,

155 2115 192 2173 ut
205 2130 353 2195 magnam
369 2107 411 2173 ad
429 2107 606 2172 ducendum
624 2107 740 2172 bellum
762 2107 852 2173 daret
874 2107 1066 2185 facultatem,
1084 2118 1252 2194 propterea

155 2209 238 2295 quod
267 2207 384 2274 flumen
411 2208 523 2285 Dubis,
542 2215 578 2272 ut
604 2207 730 2285 circino,
757 2209 1014 2286 circumductum,
1032 2231 1120 2294 paene
1146 2219 1251 2273 totum

156 2309 305 2396 oppidum
331 2308 452 2395 cingit:
478 2308 640 2392 reliquum
666 2309 814 2392 spatium,
842 2308 925 2392 quod
955 2317 1090 2374 estnon
1116 2309 1251 2394 amplius

157 2410 271 2495 pedum
297 2434 356 2486 oo,
390 2432 451 2493 qua
473 2406 589 2473 flumen
615 2408 810 2485 intermittit,
836 2431 925 2473 mons
964 2410 1102 2474 continet
1136 2431 1253 2495 magna

157 2510 333 2588 altitudine,
350 2510 397 2574 ita
412 2516 448 2574 ut
463 2509 584 2574 radices
602 2509 719 2573 montis
740 2532 780 2573 ex
801 2516 933 2592 utraque
953 2518 1040 2595 parte
1056 2510 1131 2595 ripae
1148 2507 1251 2574 flumi-

158 2609 207 2674 nis
224 2611 412 2698 contingant.
461 2609 556 2674 Hunc
570 2632 677 2674 murus
688 2609 898 2674 circumdatus
909 2632 1012 2674 arcem
1025 2608 1119 2674 efficit
1134 2619 1250 2675 etcum

158 2711 276 2796 oppido
296 2709 465 2797 conjungit.
523 2709 597 2774 Huc
620 2708 725 2774 Gaesar
746 2711 868 2795 magnis
893 2712 1052 2776 nocturnis
1074 2711 1253 2795 diurnisque

157 2810 320 2877 itineribus
330 2810 500 2888 contendit,
511 2822 723 2895 occupatoque
733 2810 857 2896 oppido,
869 2810 911 2874 ibi
922 2811 1098 2896 presidium
1110 2810 1250 2876 collocat.
1275 2822 1278 2827 '

213 2911 395 2977 XXXIX.
429 2912 514 2976 Dum
545 2933 661 2997 pancos
690 2911 757 2976 dies
785 2910 826 2975 ad
859 2910 1085 2976 Vesontionem
1115 2912 1159 2976 rei
1187 2912 1254 2978 fru-

158 3013 317 3078 mentariae
341 3020 592 3096 commeatusque
618 3034 726 3076 caussa
752 3019 900 3088 moratur,
931 3035 971 3076 ex
999 3014 1252 3099 percunctatione

158 3122 335 3179 nostrorum
350 3112 539 3196 vocibusque
564 3111 725 3176 Gallorum
749 3135 787 3177 ac
813 3121 1031 3190 mercatorum,
1054 3113 1107 3197 qui
1135 3113 1253 3199 ingenti

159 3213 374 3298 magnitudine
401 3235 566 3299 corporum
599 3212 780 3288 Germanos,
808 3213 980 3278 incredibili
1009 3213 1127 3278 virtute
1156 3224 1254 3298 atque

159 3313 383 3379 exercitatione
410 3314 443 3378 in
471 3312 567 3377 armis
593 3335 659 3378 esse
696 3311 917 3398 predicabant,
945 3337 1155 3399 saepenumero
1187 3337 1254 3380 sese

158 3437 229 3479 cnm
256 3415 302 3480 eis
319 3436 498 3501 congressos
514 3436 553 3477 ne
568 3414 690 3478 vultum
712 3413 838 3496 quidem
859 3422 953 3497 atque
980 3415 1076 3479 aciem
1095 3415 1254 3478 oculorum

158 3515 236 3581 ferre
247 3515 396 3601 potuisse,
409 3523 517 3579 tantus
527 3514 631 3578 subito
643 3514 736 3577 timor
752 3536 876 3577 omnem
892 3514 1065 3578 exercitum
1079 3515 1252 3600 occupavit,

159 3623 194 3681 ut
222 3639 284 3680 nou
306 3615 503 3680 mediocriter
528 3614 666 3678 omnium
695 3622 816 3678 mentes
840 3612 1019 3698 animosque
1046 3615 1253 3700 perturbaret.

159 3715 224 3782 Hic
239 3717 374 3801 primum
389 3723 476 3780 onus
490 3722 538 3779 est
552 3737 572 3778 a
583 3713 717 3779 tribunis
731 3713 875 3790 militnm,
891 3715 1045 3800 praefectis
1059 3716 1253 3800 reliquisque,

158 3816 222 3902 qui,
235 3840 276 3882 ex
291 3817 368 3881 urbe
383 3814 527 3880 amicitiae
553 3837 662 3879 caussa
677 3815 831 3880 Gaesarem
847 3816 954 3893 secuti,
972 3838 1033 3879 non
1051 3838 1198 3902 magnum
1222 3817 1254 3882 in

158 3941 192 3982 re
217 3917 345 3983 militari
369 3939 459 3981 usum
483 3915 660 3979 habebant:
687 3937 818 3998 quorum
832 3915 921 3990 alius,
939 3914 1001 3980 alie
1016 3939 1124 3981 caussa
1155 3917 1251 3995 illata,

157 4040 252 4101 qnam
267 4018 328 4083 sibi
343 4017 385 4081 ad
408 4014 664 4102 proficiscendum
682 4016 886 4080 necessariam
912 4038 978 4080 esse
1004 4017 1152 4093 dicerent,
1169 4024 1255 4102 pete-

158 4117 245 4197 bant,
269 4128 305 4183 ut
328 4115 395 4203 ejus
421 4117 583 4182 voluntate
611 4116 769 4180 discedere
797 4115 921 4180 liceret:
958 4116 1107 4193 nonnulli,
1136 4117 1254 4202 pudore

157 4218 297 4296 adducti,
323 4228 360 4283 nt
394 4217 514 4282 timoris
537 4216 741 4301 suspicionem
774 4216 919 4293 vitarent,
950 4217 1161 4282 remanebant.
1209 4218 1254 4282 Hi

158 4342 257 4404 neque
277 4320 399 4384 vultum
426 4316 552 4403 fingere,
571 4340 670 4400 neque
694 4316 851 4380 interdum
877 4318 1021 4382 lacrimas
1043 4324 1148 4382 tenere
1166 4328 1256 4403 pote-

157 4428 248 4484 rant:
275 4419 378 4485 abditi
392 4419 424 4482 in
439 4417 648 4482 tabernaculis
663 4425 718 4480 aut
735 4440 825 4481 suum
848 4417 948 4482 fatum
963 4418 1182 4503 querebantur,
1199 4428 1254 4485 aut

156 4542 230 4584 cum
269 4519 473 4585 familiaribus
509 4518 574 4583 suis
609 4539 771 4581 commune
809 4517 979 4601 periculum
1016 4519 1255 4584 miserabantur.

158 4620 267 4706 Vulgo
281 4620 358 4686 totis
374 4618 486 4684 castris
513 4625 703 4684 testamenta
726 4617 978 4702 obsignabantur.
1032 4619 1157 4684 Horum
1171 4620 1256 4683 voci-

157 4721 217 4786 bus
231 4743 269 4786 ac
283 4721 394 4786 timore
412 4719 573 4805 paullatim
589 4717 684 4782 etiam
700 4719 731 4796 ii,
755 4719 807 4802 qui
825 4742 973 4804 magnum
988 4720 1021 4784 in
1039 4720 1149 4786 castris
1165 4742 1254 4784 usum

157 4820 327 4901 habebant,
349 4820 465 4888 milites
488 4818 753 4903 centurionesque,
779 4819 893 4904 quique
919 4820 1060 4905 equitatu
1086 4828 1253 4905 praeerant,
