2886 5378
568 798 861 855 raonuuounns.
1205 783 1263 852 cxi

171 985 276 1028 ruscos
298 968 443 1026 orantes:
468 982 542 1025 nam
565 958 701 1025 discessu
720 961 942 1032 Romanorum,
959 981 996 1024 ac
1020 958 1110 1023 vacui
1134 965 1264 1022 externo

171 1072 268 1140 metu,
288 1062 391 1148 gentis
418 1060 634 1137 adsuetudine,
658 1069 726 1125 tum
753 1068 785 1125 et
811 1058 1008 1125 aemulatione
1032 1058 1148 1145 gloriae,
1176 1080 1265 1123 arma

173 1165 203 1228 in
228 1187 261 1228 se
284 1168 462 1227 verterant:
485 1160 533 1226 vis
555 1160 726 1238 nationum,
750 1161 849 1227 virtus
871 1161 986 1225 ducum
1011 1159 1043 1224 iu
1070 1182 1178 1244 aequo:
1209 1157 1265 1223 sed

177 1262 408 1327 Maroboduum
431 1262 512 1346 regis
538 1284 652 1326 nornen
675 1261 809 1327 invisum
834 1261 919 1347 apud
944 1260 1129 1346 populares:
1159 1259 1265 1324 Armi·

175 1365 260 1428 nium
276 1386 332 1447 pro
347 1363 492 1427 libertate
506 1361 675 1426 bellantem
689 1362 777 1426 lavor
790 1362 937 1427 babebat.

219 1462 330 1528 XLV.
355 1462 457 1548 Igitur
484 1484 547 1526 non
569 1463 662 1527 modo
688 1462 836 1529 Cherusci
865 1462 1000 1546 sociique
1025 1483 1142 1537 eorum,
1176 1468 1267 1526 vetus

178 1563 312 1628 Arminii
339 1562 437 1640 miles,
464 1585 622 1647 sumpsere
645 1563 779 1628 bellum:
804 1563 860 1630 sed
881 1587 898 1626 e
923 1585 1019 1648 regno
1041 1563 1137 1626 etiarn
1161 1561 1268 1625 Maro·

177 1664 272 1728 bodui
299 1663 412 1728 Suevae
439 1670 559 1748 gentes,
585 1661 756 1729 Semnones
780 1687 817 1730 ac
838 1662 1048 1749 Langobardi,
1068 1660 1206 1726 defecere
1226 1661 1267 1726 ad

176 1787 265 1828 eum:
291 1764 402 1848 quibus
416 1763 534 1827 additis
555 1763 766 1849 prepollebat,
782 1765 815 1829 ni
839 1764 1054 1849 Inguiomerus
1079 1784 1150 1827 cum
1172 1785 1267 1827 manu

175 1865 335 1929 clientium
351 1863 392 1928 ad
413 1863 643 1928 Maroboduum
659 1865 862 1950 perfugisset:
887 1887 948 1929 non
965 1864 1058 1929 aliam
1076 1863 1116 1927 ob
1132 1885 1266 1939 causam,

176 1988 269 2048 quam
293 1965 367 2049 quia
391 1963 497 2028 fratris
523 1961 586 2027 filio
607 1961 726 2051 juveni,
752 1973 882 2051 patruus
907 1987 1003 2031 senex
1028 1987 1136 2050 parere
1160 1964 1270 2049 dedig-

177 2066 320 2131 nabatur.
373 2064 561 2150 Diriguntur
586 2065 668 2130 acies
689 2066 757 2151 pari
777 2066 933 2151 utrimque
961 2088 1025 2151 spe,
1051 2086 1109 2128 nec
1130 2071 1167 2128 ut
1194 2063 1268 2128 olim

176 2167 260 2251 apud
286 2165 461 2230 Germanos
475 2165 563 2250 vagis
584 2163 767 2243 incursibus,
785 2173 841 2231 aut
858 2164 1004 2252 disjectas
1025 2188 1081 2250 per
1103 2170 1266 2229 catervas:

177 2267 289 2352 quippe
314 2267 408 2350 longa
428 2264 594 2330 adversum
616 2287 673 2331 nos
695 2266 818 2343 militia,
842 2267 1038 2332 insueverant
1061 2264 1146 2348 sequi
1169 2264 1267 2349 signa,

177 2367 321 2433 subsidiis
345 2363 473 2443 firmari,
488 2364 575 2430 dicta
597 2366 820 2452 imperatorum
842 2367 991 2453 accipere.
1036 2365 1083 2430 At
1109 2374 1184 2431 tunc
1202 2365 1267 2430 Ar·

180 2467 293 2531 minius
315 2489 394 2550 equo
419 2467 615 2531 conlustrans
642 2475 764 2543 cuncta,
790 2475 826 2531 ut
850 2489 986 2552 quosque
1008 2465 1158 2531 advectus
1181 2474 1266 2531 erat:

182 2575 203 2603 “
220 2567 437 2652 Reciperatam
463 2566 652 2648 libertatem,
680 2567 851 2633 trucidatas
878 2566 1023 2652 legiones,
1038 2566 1137 2652 spolia
1167 2566 1271 2631 adhuc

180 2675 213 2731 et
228 2667 291 2732 tela
306 2666 455 2732 Romanis
469 2666 610 2753 derepta,
628 2667 661 2731 iu
686 2668 829 2734 manibus
850 2667 1049 2733 multorum'’
1071 2667 1268 2733 ostentabat:

181 2776 290 2832 contra
312 2776 335 2806 ‘⁶
349 2767 493 2853 fugacem
510 2768 742 2833 Maroboduum
753 2770 772 2798 ”
794 2769 964 2856 appellans,
982 2775 1002 2804 “
1018 2768 1193 2854 proeliorum
1216 2791 1270 2833 ex·

181 2877 310 2954 portem,
340 2867 509 2954 Hercynia
535 2868 664 2933 latebris
690 2869 861 2948 defensum,
887 2892 925 2933 ac
953 2891 1028 2934 mox
1053 2893 1108 2955 per
1131 2869 1214 2933 dona
1238 2877 1271 2934 et

181 2969 351 3055 legationes
387 2969 533 3053 petivisse
570 2968 678 3046 loedus,
715 2971 906 3056 proditorem
941 2970 1060 3055 patriae,
1104 2971 1271 3035 satellitem

180 3069 320 3144 Gaesaris,
352 3069 437 3134 haud
466 3069 568 3134 minus
602 3068 729 3136 infensis
763 3071 875 3137 animis
907 3069 1148 3149 exturbandum,
1178 3092 1271 3154 quam

181 3170 302 3234 Varum
319 3169 522 3253 Quinctilium
537 3169 768 3237 interfecerint:
791 3171 1005 3237 meminissent
1022 3170 1114 3235 modo
1129 3178 1179 3236 tot
1194 3193 1271 3257 proe·

181 3270 302 3348 liorum,
331 3293 461 3354 quorum
490 3278 614 3347 eventu,
637 3278 669 3336 et
695 3272 737 3336 ad
765 3279 955 3358 postremum
975 3269 1082 3358 ejectis
1111 3271 1270 3350 Romanis,

181 3372 257 3435 satis
273 3371 451 3455 probatum,
469 3393 563 3455 penes
579 3378 665 3436 utros
680 3395 803 3438 summa
816 3372 890 3437 belli
904 3371 1028 3437 firerit.”

227 3470 357 3536 XLVI.
385 3471 494 3554 Neque
518 3471 733 3538 Maroboduus
750 3469 909 3558 jactantia
929 3473 987 3549 sui,
1014 3480 1070 3537 aut
1094 3470 1214 3558 probris
1239 3471 1272 3536 in

181 3573 302 3637 hostem
316 3570 512 3636 abstinebat:
537 3570 593 3636 sed
609 3570 842 3658 Inguiomerum
852 3580 970 3652 tenens,
990 3579 1009 3609 “
1025 3572 1083 3637 Illo
1098 3572 1130 3637 in
1145 3594 1273 3657 corpore

183 3673 277 3737 decus
297 3694 388 3736 omne
412 3671 647 3748 Cheruscorum,
662 3673 744 3740 illins
757 3672 892 3738 consiliis
913 3681 1011 3759 gesta,
1034 3695 1102 3758 quaa
1126 3695 1273 3759 prospere

181 3769 381 3850 ceciderint,'’
403 3772 597 3837 testabatur:
624 3781 645 3811 “
663 3774 825 3839 vecordem
842 3773 1032 3852 Arminium,
1047 3780 1079 3838 et
1098 3796 1202 3839 rernm
1220 3798 1273 3840 no-

182 3873 290 3948 soium,
315 3872 449 3937 alienam
474 3873 605 3958 gloriam
631 3874 663 3939 in
690 3897 723 3940 se
745 3876 879 3952 trahere,
909 3874 1055 3959 quoniam
1076 3883 1141 3940 tres
1160 3898 1274 3942 vacuas

183 3973 318 4058 legiones
340 3982 372 4038 et
388 3973 500 4038 ducem
525 3973 644 4040 fraudis
658 3975 800 4060 ignarum
825 3972 955 4060 perfidia
977 3973 1143 4060 deceperit,
1160 3997 1274 4062 magna

183 4095 254 4137 cum
278 4073 366 4138 clade
388 4073 575 4151 Germaniae,
600 4082 633 4140 et
653 4075 823 4161 ignominia
845 4098 911 4152 sua,
934 4097 1005 4140 cum
1028 4073 1175 4162 conjunx,
1202 4099 1273 4141 cum

184 4171 264 4239 filius
286 4170 362 4259 ejus,
388 4174 550 4239 servitium
573 4174 676 4238 adhuc
694 4176 840 4241 tolerent.
892 4175 939 4240 At
964 4198 997 4240 se
1019 4175 1182 4241 duodecim
1199 4177 1275 4263 legi-

183 4274 295 4340 onibus
315 4276 449 4359 petitum
464 4274 542 4339 duce
563 4274 699 4350 Tiberio,
721 4275 872 4340 illibatam
894 4275 1120 4341 Germanomm
1141 4277 1274 4362 gloriam

184 4375 373 4440 servavisse:
399 4397 472 4438 mox
491 4374 719 4441 conditionibus
742 4376 837 4460 ecquis
856 4376 1042 4442 discessum:
1068 4399 1167 4462 neque
1182 4379 1276 4463 poeni-

183 4484 249 4539 tere
271 4476 354 4559 quod
375 4475 512 4561 ipsorum
530 4474 563 4539 in
583 4497 677 4540 manu
700 4476 750 4555 sit,
770 4478 925 4563 integrum
949 4477 1099 4543 adversus
1118 4477 1277 4544 Romanos

183 4575 311 4654 bellum,
322 4599 363 4641 an
375 4598 483 4661 pacem
495 4575 691 4640 incruentam
706 4577 848 4642 malint.”
894 4578 956 4643 His
971 4578 1099 4644 vocibus
1113 4577 1277 4644 instinctos

184 4676 351 4752 exercitus,
377 4675 508 4762 propria
534 4698 655 4760 quoque
675 4699 776 4743 causae
803 4677 1025 4745 stimulabant:
1051 4701 1122 4743 cum
1152 4701 1172 4743 a
1197 4679 1277 4744 (lhe-

184 4776 281 4842 ruscis
305 4776 588 4863 Langobardisque,
604 4799 660 4861 pro
686 4778 812 4862 antiquo
834 4778 955 4858 decore,
971 4788 1026 4844 aut
1048 4779 1163 4844 recenti
1186 4779 1273 4843 liber·
