<?xml version="1.0" encoding="UTF-8"?>
<!DOCTYPE html PUBLIC "-//W3C//DTD XHTML 1.0 Transitional//EN"
    "http://www.w3.org/TR/xhtml1/DTD/xhtml1-transitional.dtd">
<html xmlns="http://www.w3.org/1999/xhtml" xml:lang="en" lang="en">
 <head>
  <title>
</title>
<meta http-equiv="Content-Type" content="text/html;charset=utf-8" />
  <meta name='ocr-system' content='tesseract 3.04.00' />
  <meta name='ocr-capabilities' content='ocr_page ocr_carea ocr_par ocr_line ocrx_word'/>
</head>
<body>
  <div class='ocr_page' id='page_1' title='image "./germaniatacitus00lathgoog_0094.png"; bbox 0 0 2886 5378; ppageno 0'>
   <div class='ocr_carea' id='block_1_1' title="bbox 538 858 1234 932">
    <p class='ocr_par' dir='ltr' id='par_1_1' title="bbox 538 858 1234 932">
     <span class='ocr_line' id='line_1_1' title="bbox 538 858 1234 932; baseline -0.004 -2"><span class='ocrx_word' id='word_1_1' title='bbox 538 873 830 932; x_wconf 77' lang='lat' dir='ltr'><strong>rnoussouuns.</strong></span> <span class='ocrx_word' id='word_1_2' title='bbox 1147 858 1234 929; x_wconf 82' lang='lat' dir='ltr'>lxxv</span> 
     </span>
    </p>
   </div>
   <div class='ocr_carea' id='block_1_2' title="bbox 139 1035 1279 2128">
    <p class='ocr_par' dir='ltr' id='par_1_2' title="bbox 139 1035 1279 1605">
     <span class='ocr_line' id='line_1_2' title="bbox 139 1035 1234 1122; baseline -0.002 -20"><span class='ocrx_word' id='word_1_3' title='bbox 139 1037 225 1116; x_wconf 85' lang='lat' dir='ltr'><strong>facti,</strong></span> <span class='ocrx_word' id='word_1_4' title='bbox 252 1037 318 1104; x_wconf 90' lang='lat' dir='ltr'><strong>siue</strong></span> <span class='ocrx_word' id='word_1_5' title='bbox 341 1047 429 1104; x_wconf 87' lang='lat' dir='ltr'><strong>metu</strong></span> <span class='ocrx_word' id='word_1_6' title='bbox 449 1046 536 1102; x_wconf 87' lang='lat' dir='ltr'><strong>trans</strong></span> <span class='ocrx_word' id='word_1_7' title='bbox 560 1037 706 1102; x_wconf 85' lang='lat' dir='ltr'><strong>Rhenum</strong></span> <span class='ocrx_word' id='word_1_8' title='bbox 728 1036 761 1100; x_wconf 90' lang='lat' dir='ltr'><strong>in</strong></span> <span class='ocrx_word' id='word_1_9' title='bbox 786 1057 858 1102; x_wconf 87' lang='lat' dir='ltr'><strong>suos</strong></span> <span class='ocrx_word' id='word_1_10' title='bbox 872 1035 957 1101; x_wconf 86' lang='lat' dir='ltr'><strong>vicos</strong></span> <span class='ocrx_word' id='word_1_11' title='bbox 980 1036 1234 1122; x_wconf 81' lang='lat' dir='ltr'><strong>remigraverunt.</strong></span> 
     </span>
     <span class='ocr_line' id='line_1_3' title="bbox 141 1137 1279 1223; baseline 0 -21"><span class='ocrx_word' id='word_1_12' title='bbox 141 1137 204 1203; x_wconf 82' lang='lat' dir='ltr'><strong>llis</strong></span> <span class='ocrx_word' id='word_1_13' title='bbox 229 1139 400 1204; x_wconf 83' lang='lat' dir='ltr'><strong>interfectis</strong></span> <span class='ocrx_word' id='word_1_14' title='bbox 429 1138 621 1221; x_wconf 86' lang='lat' dir='ltr'><strong>navibusque</strong></span> <span class='ocrx_word' id='word_1_15' title='bbox 651 1159 758 1201; x_wconf 90' lang='lat' dir='ltr'><strong>eorum</strong></span> <span class='ocrx_word' id='word_1_16' title='bbox 789 1137 957 1222; x_wconf 88' lang='lat' dir='ltr'><strong>occupatis,</strong></span> <span class='ocrx_word' id='word_1_17' title='bbox 991 1139 1170 1223; x_wconf 88' lang='lat' dir='ltr'><strong>priusquam</strong></span> <span class='ocrx_word' id='word_1_18' title='bbox 1198 1161 1236 1203; x_wconf 88' lang='lat' dir='ltr'><strong>ea</strong></span> <span class='ocrx_word' id='word_1_19' title='bbox 1274 1164 1279 1173; x_wconf 92' lang='lat'><strong>·</strong></span> 
     </span>
     <span class='ocr_line' id='line_1_4' title="bbox 140 1236 1236 1325; baseline 0.002 -23"><span class='ocrx_word' id='word_1_20' title='bbox 140 1261 212 1324; x_wconf 86' lang='lat' dir='ltr'><strong>para</strong></span> <span class='ocrx_word' id='word_1_21' title='bbox 234 1240 463 1325; x_wconf 82' lang='lat' dir='ltr'><strong>Menapiorum,</strong></span> <span class='ocrx_word' id='word_1_22' title='bbox 489 1262 557 1323; x_wconf 69' lang='lat' dir='ltr'><strong>quae</strong></span> <span class='ocrx_word' id='word_1_23' title='bbox 577 1239 656 1304; x_wconf 88' lang='lat' dir='ltr'><strong>citra</strong></span> <span class='ocrx_word' id='word_1_24' title='bbox 678 1236 822 1302; x_wconf 86' lang='lat' dir='ltr'><strong>Rhenum</strong></span> <span class='ocrx_word' id='word_1_25' title='bbox 845 1237 950 1321; x_wconf 86' lang='lat' dir='ltr'><strong>quieta</strong></span> <span class='ocrx_word' id='word_1_26' title='bbox 969 1237 1001 1301; x_wconf 88' lang='lat' dir='ltr'><strong>in</strong></span> <span class='ocrx_word' id='word_1_27' title='bbox 1023 1239 1088 1304; x_wconf 89' lang='lat' dir='ltr'><strong>suis</strong></span> <span class='ocrx_word' id='word_1_28' title='bbox 1110 1239 1236 1304; x_wconf 89' lang='lat' dir='ltr'><strong>sedibus</strong></span> 
     </span>
     <span class='ocr_line' id='line_1_5' title="bbox 141 1336 1236 1423; baseline 0.001 -20"><span class='ocrx_word' id='word_1_29' title='bbox 141 1348 220 1415; x_wconf 87' lang='lat' dir='ltr'><strong>erat,</strong></span> <span class='ocrx_word' id='word_1_30' title='bbox 244 1341 356 1405; x_wconf 80' lang='lat' dir='ltr'>certior</span> <span class='ocrx_word' id='word_1_31' title='bbox 381 1338 480 1418; x_wconf 85' lang='lat' dir='ltr'><strong>fieret,</strong></span> <span class='ocrx_word' id='word_1_32' title='bbox 502 1336 618 1404; x_wconf 90' lang='lat' dir='ltr'><strong>flumen</strong></span> <span class='ocrx_word' id='word_1_33' title='bbox 639 1337 829 1403; x_wconf 88' lang='lat' dir='ltr'><strong>transierunt</strong></span> <span class='ocrx_word' id='word_1_34' title='bbox 849 1345 951 1423; x_wconf 91' lang='lat' dir='ltr'><strong>atque,</strong></span> <span class='ocrx_word' id='word_1_35' title='bbox 966 1338 1110 1404; x_wconf 91' lang='lat' dir='ltr'><strong>omnibus</strong></span> <span class='ocrx_word' id='word_1_36' title='bbox 1129 1362 1236 1404; x_wconf 87' lang='lat' dir='ltr'><strong>eorum</strong></span> 
     </span>
     <span class='ocr_line' id='line_1_6' title="bbox 141 1437 1237 1526; baseline 0.004 -25"><span class='ocrx_word' id='word_1_37' title='bbox 141 1437 281 1505; x_wconf 86' lang='lat' dir='ltr'><strong>oedificiis</strong></span> <span class='ocrx_word' id='word_1_38' title='bbox 304 1440 474 1526; x_wconf 88' lang='lat' dir='ltr'><strong>occupatis,</strong></span> <span class='ocrx_word' id='word_1_39' title='bbox 501 1440 651 1523; x_wconf 88' lang='lat' dir='ltr'><strong>reliquam</strong></span> <span class='ocrx_word' id='word_1_40' title='bbox 675 1445 796 1523; x_wconf 84' lang='lat' dir='ltr'><strong>partem</strong></span> <span class='ocrx_word' id='word_1_41' title='bbox 818 1438 930 1504; x_wconf 87' lang='lat' dir='ltr'><strong>hiemis</strong></span> <span class='ocrx_word' id='word_1_42' title='bbox 955 1461 988 1504; x_wconf 90' lang='lat' dir='ltr'><strong>se</strong></span> <span class='ocrx_word' id='word_1_43' title='bbox 1009 1461 1116 1504; x_wconf 89' lang='lat' dir='ltr'><strong>eorum</strong></span> <span class='ocrx_word' id='word_1_44' title='bbox 1140 1440 1237 1525; x_wconf 85' lang='lat' dir='ltr'><strong>copiis</strong></span> 
     </span>
     <span class='ocr_line' id='line_1_7' title="bbox 140 1540 294 1605; baseline 0.013 -2"><span class='ocrx_word' id='word_1_45' title='bbox 140 1540 294 1605; x_wconf 90' lang='lat' dir='ltr'><strong>aluerunt.</strong></span> 
     </span>
    </p>

    <p class='ocr_par' dir='ltr' id='par_1_3' title="bbox 143 1637 1236 2128">
     <span class='ocr_line' id='line_1_8' title="bbox 188 1637 1234 1717; baseline 0.003 -14"><span class='ocrx_word' id='word_1_46' title='bbox 188 1640 230 1705; x_wconf 87' lang='lat' dir='ltr'><strong>V.</strong></span> <span class='ocrx_word' id='word_1_47' title='bbox 258 1640 321 1707; x_wconf 90' lang='lat' dir='ltr'><strong>His</strong></span> <span class='ocrx_word' id='word_1_48' title='bbox 354 1641 393 1705; x_wconf 90' lang='lat' dir='ltr'><strong>de</strong></span> <span class='ocrx_word' id='word_1_49' title='bbox 419 1640 512 1705; x_wconf 89' lang='lat' dir='ltr'><strong>rebus</strong></span> <span class='ocrx_word' id='word_1_50' title='bbox 543 1637 647 1704; x_wconf 71' lang='lat' dir='ltr'><strong>Caesar</strong></span> <span class='ocrx_word' id='word_1_51' title='bbox 677 1639 790 1704; x_wconf 78' lang='lat' dir='ltr'><strong>certior</strong></span> <span class='ocrx_word' id='word_1_52' title='bbox 823 1639 934 1717; x_wconf 86' lang='lat' dir='ltr'><strong>factus,</strong></span> <span class='ocrx_word' id='word_1_53' title='bbox 960 1651 993 1704; x_wconf 89' lang='lat' dir='ltr'><strong>et</strong></span> <span class='ocrx_word' id='word_1_54' title='bbox 1018 1637 1234 1706; x_wconf 87' lang='lat' dir='ltr'><strong>infirmitatem</strong></span> 
     </span>
     <span class='ocr_line' id='line_1_9' title="bbox 143 1739 1236 1825; baseline 0.001 -19"><span class='ocrx_word' id='word_1_55' title='bbox 143 1739 304 1806; x_wconf 76' lang='lat' dir='ltr'><strong>Gallorum</strong></span> <span class='ocrx_word' id='word_1_56' title='bbox 333 1740 461 1816; x_wconf 86' lang='lat' dir='ltr'><strong>veritus,</strong></span> <span class='ocrx_word' id='word_1_57' title='bbox 493 1739 576 1824; x_wconf 91' lang='lat' dir='ltr'><strong>quod</strong></span> <span class='ocrx_word' id='word_1_58' title='bbox 602 1747 675 1804; x_wconf 90' lang='lat' dir='ltr'><strong>sunt</strong></span> <span class='ocrx_word' id='word_1_59' title='bbox 706 1740 737 1804; x_wconf 89' lang='lat' dir='ltr'><strong>in</strong></span> <span class='ocrx_word' id='word_1_60' title='bbox 767 1740 902 1805; x_wconf 89' lang='lat' dir='ltr'><strong>consiliis</strong></span> <span class='ocrx_word' id='word_1_61' title='bbox 924 1741 1082 1825; x_wconf 79' lang='lat' dir='ltr'><strong>capiendis</strong></span> <span class='ocrx_word' id='word_1_62' title='bbox 1105 1741 1236 1807; x_wconf 85' lang='lat' dir='ltr'><strong>mobiles</strong></span> 
     </span>
     <span class='ocr_line' id='line_1_10' title="bbox 144 1839 1235 1927; baseline 0 -21"><span class='ocrx_word' id='word_1_63' title='bbox 144 1854 175 1906; x_wconf 88' lang='lat' dir='ltr'><strong>et</strong></span> <span class='ocrx_word' id='word_1_64' title='bbox 199 1842 289 1907; x_wconf 87' lang='lat' dir='ltr'><strong>novis</strong></span> <span class='ocrx_word' id='word_1_65' title='bbox 314 1842 493 1927; x_wconf 90' lang='lat' dir='ltr'><strong>plerumque</strong></span> <span class='ocrx_word' id='word_1_66' title='bbox 519 1841 610 1905; x_wconf 89' lang='lat' dir='ltr'><strong>rebus</strong></span> <span class='ocrx_word' id='word_1_67' title='bbox 636 1840 774 1916; x_wconf 88' lang='lat' dir='ltr'><strong>student,</strong></span> <span class='ocrx_word' id='word_1_68' title='bbox 799 1840 874 1904; x_wconf 93' lang='lat' dir='ltr'><strong>nihil</strong></span> <span class='ocrx_word' id='word_1_69' title='bbox 906 1839 955 1905; x_wconf 91' lang='lat' dir='ltr'><strong>his</strong></span> <span class='ocrx_word' id='word_1_70' title='bbox 976 1842 1235 1907; x_wconf 87' lang='lat' dir='ltr'><strong>committendum</strong></span> 
     </span>
     <span class='ocr_line' id='line_1_11' title="bbox 143 1940 1235 2018; baseline 0.002 -12"><span class='ocrx_word' id='word_1_71' title='bbox 143 1942 347 2008; x_wconf 86' lang='lat' dir='ltr'><strong>existimavit.</strong></span> <span class='ocrx_word' id='word_1_72' title='bbox 391 1940 452 2007; x_wconf 82' lang='lat' dir='ltr'><strong>Est</strong></span> <span class='ocrx_word' id='word_1_73' title='bbox 481 1949 587 2005; x_wconf 84' lang='lat' dir='ltr'><strong>autem</strong></span> <span class='ocrx_word' id='word_1_74' title='bbox 616 1941 675 2004; x_wconf 92' lang='lat' dir='ltr'><strong>hoc</strong></span> <span class='ocrx_word' id='word_1_75' title='bbox 702 1940 829 2005; x_wconf 76' lang='lat' dir='ltr'><strong>Gallicae</strong></span> <span class='ocrx_word' id='word_1_76' title='bbox 859 1941 1099 2018; x_wconf 84' lang='lat' dir='ltr'><strong>consuetudinis,</strong></span> <span class='ocrx_word' id='word_1_77' title='bbox 1129 1943 1176 2007; x_wconf 89' lang='lat' dir='ltr'><strong>uti</strong></span> <span class='ocrx_word' id='word_1_78' title='bbox 1203 1951 1235 2008; x_wconf 91' lang='lat' dir='ltr'><strong>et</strong></span> 
     </span>
     <span class='ocr_line' id='line_1_12' title="bbox 144 2042 1236 2128; baseline 0 -21"><span class='ocrx_word' id='word_1_79' title='bbox 144 2043 290 2120; x_wconf 86' lang='lat' dir='ltr'><strong>viatores,</strong></span> <span class='ocrx_word' id='word_1_80' title='bbox 313 2042 410 2108; x_wconf 85' lang='lat' dir='ltr'><strong>etiam</strong></span> <span class='ocrx_word' id='word_1_81' title='bbox 438 2042 563 2118; x_wconf 87' lang='lat' dir='ltr'><strong>invitos,</strong></span> <span class='ocrx_word' id='word_1_82' title='bbox 595 2042 761 2107; x_wconf 85' lang='lat' dir='ltr'><strong>consistere</strong></span> <span class='ocrx_word' id='word_1_83' title='bbox 787 2049 900 2128; x_wconf 88' lang='lat' dir='ltr'><strong>cogant</strong></span> <span class='ocrx_word' id='word_1_84' title='bbox 929 2050 972 2118; x_wconf 91' lang='lat' dir='ltr'><strong>et,</strong></span> <span class='ocrx_word' id='word_1_85' title='bbox 995 2042 1078 2127; x_wconf 92' lang='lat' dir='ltr'><strong>quod</strong></span> <span class='ocrx_word' id='word_1_86' title='bbox 1108 2043 1236 2126; x_wconf 88' lang='lat' dir='ltr'><strong>quisque</strong></span> 
     </span>
    </p>
   </div>
   <div class='ocr_carea' id='block_1_3' title="bbox 142 2141 1235 2631">
    <p class='ocr_par' dir='ltr' id='par_1_4' title="bbox 142 2141 1235 2631">
     <span class='ocr_line' id='line_1_13' title="bbox 145 2141 1234 2228; baseline -0.001 -20"><span class='ocrx_word' id='word_1_87' title='bbox 145 2165 251 2208; x_wconf 86' lang='lat' dir='ltr'><strong>eorum</strong></span> <span class='ocrx_word' id='word_1_88' title='bbox 281 2143 322 2208; x_wconf 89' lang='lat' dir='ltr'><strong>de</strong></span> <span class='ocrx_word' id='word_1_89' title='bbox 353 2166 473 2228; x_wconf 84' lang='lat' dir='ltr'><strong>quoque</strong></span> <span class='ocrx_word' id='word_1_90' title='bbox 502 2166 535 2207; x_wconf 90' lang='lat' dir='ltr'><strong>re</strong></span> <span class='ocrx_word' id='word_1_91' title='bbox 565 2141 699 2206; x_wconf 91' lang='lat' dir='ltr'><strong>audierit</strong></span> <span class='ocrx_word' id='word_1_92' title='bbox 730 2151 786 2206; x_wconf 89' lang='lat' dir='ltr'><strong>aut</strong></span> <span class='ocrx_word' id='word_1_93' title='bbox 817 2144 1006 2227; x_wconf 88' lang='lat' dir='ltr'><strong>cognoverit,</strong></span> <span class='ocrx_word' id='word_1_94' title='bbox 1036 2152 1176 2226; x_wconf 83' lang='lat' dir='ltr'><strong>quaeraut</strong></span> <span class='ocrx_word' id='word_1_95' title='bbox 1202 2151 1234 2207; x_wconf 90' lang='lat' dir='ltr'><strong>et</strong></span> 
     </span>
     <span class='ocr_line' id='line_1_14' title="bbox 143 2242 1235 2329; baseline 0 -22"><span class='ocrx_word' id='word_1_96' title='bbox 143 2252 332 2309; x_wconf 79' lang='lat' dir='ltr'><strong>mercatores</strong></span> <span class='ocrx_word' id='word_1_97' title='bbox 352 2244 385 2308; x_wconf 92' lang='lat' dir='ltr'><strong>in</strong></span> <span class='ocrx_word' id='word_1_98' title='bbox 407 2243 530 2329; x_wconf 90' lang='lat' dir='ltr'><strong>oppidis</strong></span> <span class='ocrx_word' id='word_1_99' title='bbox 552 2243 664 2328; x_wconf 88' lang='lat' dir='ltr'><strong>vulgus</strong></span> <span class='ocrx_word' id='word_1_100' title='bbox 688 2242 905 2318; x_wconf 83' lang='lat' dir='ltr'><strong>circumsistat,</strong></span> <span class='ocrx_word' id='word_1_101' title='bbox 933 2243 1104 2326; x_wconf 88' lang='lat' dir='ltr'><strong>quibusque</strong></span> <span class='ocrx_word' id='word_1_102' title='bbox 1126 2266 1166 2307; x_wconf 84' lang='lat' dir='ltr'><strong>ex</strong></span> <span class='ocrx_word' id='word_1_103' title='bbox 1187 2266 1235 2307; x_wconf 90' lang='lat' dir='ltr'><strong>re·</strong></span> 
     </span>
     <span class='ocr_line' id='line_1_15' title="bbox 142 2343 1235 2428; baseline 0 -20"><span class='ocrx_word' id='word_1_104' title='bbox 142 2345 285 2428; x_wconf 87' lang='lat' dir='ltr'><strong>gionibus</strong></span> <span class='ocrx_word' id='word_1_105' title='bbox 314 2345 452 2423; x_wconf 87' lang='lat' dir='ltr'><strong>veniant,</strong></span> <span class='ocrx_word' id='word_1_106' title='bbox 478 2366 614 2428; x_wconf 91' lang='lat' dir='ltr'><strong>quasque</strong></span> <span class='ocrx_word' id='word_1_107' title='bbox 639 2343 683 2406; x_wconf 92' lang='lat' dir='ltr'><strong>ibi</strong></span> <span class='ocrx_word' id='word_1_108' title='bbox 711 2365 760 2407; x_wconf 87' lang='lat' dir='ltr'><strong>res</strong></span> <span class='ocrx_word' id='word_1_109' title='bbox 790 2343 1000 2428; x_wconf 80' lang='lat' dir='ltr'><strong>cognoverint,</strong></span> <span class='ocrx_word' id='word_1_110' title='bbox 1033 2343 1235 2428; x_wconf 82' lang='lat' dir='ltr'><strong>pronunciare</strong></span> 
     </span>
     <span class='ocr_line' id='line_1_16' title="bbox 144 2442 1235 2529; baseline 0 -21"><span class='ocrx_word' id='word_1_111' title='bbox 144 2451 269 2529; x_wconf 88' lang='lat' dir='ltr'><strong>cogant.</strong></span> <span class='ocrx_word' id='word_1_112' title='bbox 334 2444 398 2511; x_wconf 92' lang='lat' dir='ltr'><strong>His</strong></span> <span class='ocrx_word' id='word_1_113' title='bbox 433 2443 608 2509; x_wconf 90' lang='lat' dir='ltr'><strong>rumoribus</strong></span> <span class='ocrx_word' id='word_1_114' title='bbox 643 2451 738 2527; x_wconf 88' lang='lat' dir='ltr'><strong>atque</strong></span> <span class='ocrx_word' id='word_1_115' title='bbox 773 2442 985 2508; x_wconf 85' lang='lat' dir='ltr'><strong>auditionibus</strong></span> <span class='ocrx_word' id='word_1_116' title='bbox 1020 2444 1164 2528; x_wconf 88' lang='lat' dir='ltr'><strong>permoti,</strong></span> <span class='ocrx_word' id='word_1_117' title='bbox 1196 2444 1235 2508; x_wconf 91' lang='lat' dir='ltr'><strong>de</strong></span> 
     </span>
     <span class='ocr_line' id='line_1_17' title="bbox 145 2544 1235 2631; baseline 0.002 -24"><span class='ocrx_word' id='word_1_118' title='bbox 145 2544 276 2610; x_wconf 87' lang='lat' dir='ltr'><strong>summis</strong></span> <span class='ocrx_word' id='word_1_119' title='bbox 305 2566 389 2631; x_wconf 82' lang='lat' dir='ltr'><strong>saepe</strong></span> <span class='ocrx_word' id='word_1_120' title='bbox 417 2545 510 2610; x_wconf 92' lang='lat' dir='ltr'><strong>rebus</strong></span> <span class='ocrx_word' id='word_1_121' title='bbox 531 2544 658 2609; x_wconf 85' lang='lat' dir='ltr'><strong>consilia</strong></span> <span class='ocrx_word' id='word_1_122' title='bbox 687 2545 807 2620; x_wconf 90' lang='lat' dir='ltr'><strong>ineunt,</strong></span> <span class='ocrx_word' id='word_1_123' title='bbox 825 2566 956 2627; x_wconf 93' lang='lat' dir='ltr'><strong>quorum</strong></span> <span class='ocrx_word' id='word_1_124' title='bbox 983 2566 1075 2609; x_wconf 88' lang='lat' dir='ltr'><strong>sose</strong></span> <span class='ocrx_word' id='word_1_125' title='bbox 1104 2545 1235 2631; x_wconf 88' lang='lat' dir='ltr'><strong>vestigio</strong></span> 
     </span>
    </p>
   </div>
   <div class='ocr_carea' id='block_1_4' title="bbox 121 2643 1239 4940">
    <p class='ocr_par' dir='ltr' id='par_1_5' title="bbox 121 2643 1236 2831">
     <span class='ocr_line' id='line_1_18' title="bbox 145 2643 1236 2730; baseline 0.001 -22"><span class='ocrx_word' id='word_1_126' title='bbox 145 2645 295 2730; x_wconf 84' lang='lat' dir='ltr'><strong>poenitere</strong></span> <span class='ocrx_word' id='word_1_127' title='bbox 322 2667 445 2711; x_wconf 89' lang='lat' dir='ltr'><strong>necesse</strong></span> <span class='ocrx_word' id='word_1_128' title='bbox 473 2653 531 2723; x_wconf 87' lang='lat' dir='ltr'><strong>est,</strong></span> <span class='ocrx_word' id='word_1_129' title='bbox 554 2667 649 2728; x_wconf 92' lang='lat' dir='ltr'><strong>quum</strong></span> <span class='ocrx_word' id='word_1_130' title='bbox 674 2644 801 2709; x_wconf 88' lang='lat' dir='ltr'><strong>incertis</strong></span> <span class='ocrx_word' id='word_1_131' title='bbox 833 2643 1009 2709; x_wconf 89' lang='lat' dir='ltr'><strong>rumoribus</strong></span> <span class='ocrx_word' id='word_1_132' title='bbox 1037 2645 1174 2710; x_wconf 84' lang='lat' dir='ltr'><strong>serviant</strong></span> <span class='ocrx_word' id='word_1_133' title='bbox 1203 2653 1236 2709; x_wconf 91' lang='lat' dir='ltr'><strong>et</strong></span> 
     </span>
     <span class='ocr_line' id='line_1_19' title="bbox 121 2743 992 2831; baseline 0.005 -27"><span class='ocrx_word' id='word_1_134' title='bbox 121 2797 125 2804; x_wconf 88' lang='lat'>.</span> <span class='ocrx_word' id='word_1_135' title='bbox 146 2745 284 2831; x_wconf 81' lang='lat' dir='ltr'><strong>plerique</strong></span> <span class='ocrx_word' id='word_1_136' title='bbox 299 2745 341 2810; x_wconf 88' lang='lat' dir='ltr'><strong>ad</strong></span> <span class='ocrx_word' id='word_1_137' title='bbox 358 2746 551 2811; x_wconf 88' lang='lat' dir='ltr'><strong>voluntatem</strong></span> <span class='ocrx_word' id='word_1_138' title='bbox 567 2767 673 2809; x_wconf 87' lang='lat' dir='ltr'><strong>eorum</strong></span> <span class='ocrx_word' id='word_1_139' title='bbox 688 2743 763 2810; x_wconf 88' lang='lat' dir='ltr'><strong>licta</strong></span> <span class='ocrx_word' id='word_1_140' title='bbox 774 2744 992 2830; x_wconf 89' lang='lat' dir='ltr'><strong>respondeant.</strong></span> 
     </span>
    </p>

    <p class='ocr_par' dir='ltr' id='par_1_6' title="bbox 144 2844 1238 4036">
     <span class='ocr_line' id='line_1_20' title="bbox 192 2844 1236 2931; baseline 0.003 -23"><span class='ocrx_word' id='word_1_141' title='bbox 192 2844 253 2910; x_wconf 91' lang='lat' dir='ltr'><strong>VI.</strong></span> <span class='ocrx_word' id='word_1_142' title='bbox 277 2846 348 2930; x_wconf 65' lang='grc' dir='ltr'><strong>ραι)</strong></span> <span class='ocrx_word' id='word_1_143' title='bbox 362 2845 590 2912; x_wconf 87' lang='lat' dir='ltr'><strong>cousuetudine</strong></span> <span class='ocrx_word' id='word_1_144' title='bbox 617 2845 750 2931; x_wconf 88' lang='lat' dir='ltr'><strong>cognita,</strong></span> <span class='ocrx_word' id='word_1_145' title='bbox 785 2845 898 2922; x_wconf 78' lang='lat' dir='ltr'><strong>Caesar,</strong></span> <span class='ocrx_word' id='word_1_146' title='bbox 927 2868 966 2909; x_wconf 90' lang='lat' dir='ltr'><strong>ne</strong></span> <span class='ocrx_word' id='word_1_147' title='bbox 992 2845 1128 2931; x_wconf 80' lang='lat' dir='ltr'><strong>graviori</strong></span> <span class='ocrx_word' id='word_1_148' title='bbox 1153 2846 1236 2911; x_wconf 90' lang='lat' dir='ltr'><strong>bello</strong></span> 
     </span>
     <span class='ocr_line' id='line_1_21' title="bbox 146 2945 1236 3033; baseline 0.001 -22"><span class='ocrx_word' id='word_1_149' title='bbox 146 2956 328 3026; x_wconf 86' lang='lat' dir='ltr'><strong>occurreret,</strong></span> <span class='ocrx_word' id='word_1_150' title='bbox 356 2947 519 3025; x_wconf 91' lang='lat' dir='ltr'><strong>maturius,</strong></span> <span class='ocrx_word' id='word_1_151' title='bbox 543 2970 637 3030; x_wconf 90' lang='lat' dir='ltr'><strong>quam</strong></span> <span class='ocrx_word' id='word_1_152' title='bbox 668 2954 840 3022; x_wconf 91' lang='lat' dir='ltr'><strong>consuerat,</strong></span> <span class='ocrx_word' id='word_1_153' title='bbox 871 2945 913 3010; x_wconf 90' lang='lat' dir='ltr'><strong>ad</strong></span> <span class='ocrx_word' id='word_1_154' title='bbox 942 2946 1115 3011; x_wconf 88' lang='lat' dir='ltr'><strong>exercitum</strong></span> <span class='ocrx_word' id='word_1_155' title='bbox 1144 2946 1236 3033; x_wconf 82' lang='lat' dir='ltr'><strong>proti·</strong></span> 
     </span>
     <span class='ocr_line' id='line_1_22' title="bbox 145 3047 1236 3132; baseline 0.002 -21"><span class='ocrx_word' id='word_1_156' title='bbox 145 3047 280 3113; x_wconf 86' lang='lat' dir='ltr'><strong>ciscitur.</strong></span> <span class='ocrx_word' id='word_1_157' title='bbox 326 3047 376 3112; x_wconf 85' lang='lat' dir='ltr'><strong>Eo</strong></span> <span class='ocrx_word' id='word_1_158' title='bbox 401 3070 497 3132; x_wconf 92' lang='lat' dir='ltr'><strong>quum</strong></span> <span class='ocrx_word' id='word_1_159' title='bbox 520 3047 662 3124; x_wconf 88' lang='lat' dir='ltr'><strong>venisset,</strong></span> <span class='ocrx_word' id='word_1_160' title='bbox 693 3069 830 3131; x_wconf 80' lang='lat' dir='ltr'><strong>eaquae</strong></span> <span class='ocrx_word' id='word_1_161' title='bbox 859 3047 925 3111; x_wconf 85' lang='lat' dir='ltr'><strong>fore</strong></span> <span class='ocrx_word' id='word_1_162' title='bbox 955 3047 1128 3132; x_wconf 87' lang='lat' dir='ltr'><strong>suspicatus</strong></span> <span class='ocrx_word' id='word_1_163' title='bbox 1157 3057 1236 3124; x_wconf 90' lang='lat' dir='ltr'><strong>erat,</strong></span> 
     </span>
     <span class='ocr_line' id='line_1_23' title="bbox 147 3147 1238 3234; baseline 0.004 -23"><span class='ocrx_word' id='word_1_164' title='bbox 147 3147 230 3213; x_wconf 86' lang='lat' dir='ltr'><strong>facta</strong></span> <span class='ocrx_word' id='word_1_165' title='bbox 259 3148 415 3234; x_wconf 88' lang='lat' dir='ltr'><strong>cognovit,</strong></span> <span class='ocrx_word' id='word_1_166' title='bbox 450 3148 560 3213; x_wconf 86' lang='lat' dir='ltr'><strong>missas</strong></span> <span class='ocrx_word' id='word_1_167' title='bbox 593 3147 763 3233; x_wconf 81' lang='lat' dir='ltr'><strong>legationes</strong></span> <span class='ocrx_word' id='word_1_168' title='bbox 794 3147 835 3211; x_wconf 84' lang='lat' dir='ltr'><strong>ab</strong></span> <span class='ocrx_word' id='word_1_169' title='bbox 868 3147 1023 3212; x_wconf 88' lang='lat' dir='ltr'><strong>nonnullis</strong></span> <span class='ocrx_word' id='word_1_170' title='bbox 1056 3149 1238 3216; x_wconf 85' lang='lat' dir='ltr'><strong>civitatibus</strong></span> 
     </span>
     <span class='ocr_line' id='line_1_24' title="bbox 146 3247 1235 3332; baseline 0.003 -20"><span class='ocrx_word' id='word_1_171' title='bbox 146 3247 188 3312; x_wconf 90' lang='lat' dir='ltr'><strong>ad</strong></span> <span class='ocrx_word' id='word_1_172' title='bbox 213 3248 399 3322; x_wconf 84' lang='lat' dir='ltr'><strong>Germanos,</strong></span> <span class='ocrx_word' id='word_1_173' title='bbox 422 3248 631 3332; x_wconf 84' lang='lat' dir='ltr'><strong>invitatosque</strong></span> <span class='ocrx_word' id='word_1_174' title='bbox 657 3271 719 3325; x_wconf 88' lang='lat' dir='ltr'><strong>eos,</strong></span> <span class='ocrx_word' id='word_1_175' title='bbox 744 3248 793 3312; x_wconf 91' lang='lat' dir='ltr'><strong>uti</strong></span> <span class='ocrx_word' id='word_1_176' title='bbox 815 3248 856 3312; x_wconf 88' lang='lat' dir='ltr'><strong>ab</strong></span> <span class='ocrx_word' id='word_1_177' title='bbox 884 3247 994 3312; x_wconf 90' lang='lat' dir='ltr'><strong>Rheno</strong></span> <span class='ocrx_word' id='word_1_178' title='bbox 1020 3248 1235 3325; x_wconf 86' lang='lat' dir='ltr'><strong>discedereut;</strong></span> 
     </span>
     <span class='ocr_line' id='line_1_25' title="bbox 145 3347 1237 3434; baseline 0.003 -23"><span class='ocrx_word' id='word_1_179' title='bbox 145 3349 309 3432; x_wconf 87' lang='lat' dir='ltr'><strong>omniaque</strong></span> <span class='ocrx_word' id='word_1_180' title='bbox 336 3370 407 3432; x_wconf 86' lang='lat' dir='ltr'><strong>quae</strong></span> <span class='ocrx_word' id='word_1_181' title='bbox 434 3350 652 3434; x_wconf 89' lang='lat' dir='ltr'><strong>postulassent,</strong></span> <span class='ocrx_word' id='word_1_182' title='bbox 681 3348 722 3413; x_wconf 89' lang='lat' dir='ltr'><strong>ab</strong></span> <span class='ocrx_word' id='word_1_183' title='bbox 753 3370 786 3413; x_wconf 87' lang='lat' dir='ltr'><strong>se</strong></span> <span class='ocrx_word' id='word_1_184' title='bbox 814 3347 879 3412; x_wconf 89' lang='lat' dir='ltr'><strong>fore</strong></span> <span class='ocrx_word' id='word_1_185' title='bbox 909 3357 1029 3433; x_wconf 88' lang='lat' dir='ltr'><strong>parata.</strong></span> <span class='ocrx_word' id='word_1_186' title='bbox 1081 3349 1151 3430; x_wconf 79' lang='lat' dir='ltr'><strong>Qua</strong></span> <span class='ocrx_word' id='word_1_187' title='bbox 1182 3371 1237 3434; x_wconf 90' lang='lat' dir='ltr'><strong>spe</strong></span> 
     </span>
     <span class='ocr_line' id='line_1_26' title="bbox 145 3446 1236 3534; baseline 0.001 -22"><span class='ocrx_word' id='word_1_188' title='bbox 145 3448 274 3514; x_wconf 90' lang='lat' dir='ltr'><strong>adducti</strong></span> <span class='ocrx_word' id='word_1_189' title='bbox 292 3448 441 3513; x_wconf 83' lang='lat' dir='ltr'><strong>Germani</strong></span> <span class='ocrx_word' id='word_1_190' title='bbox 459 3449 552 3513; x_wconf 89' lang='lat' dir='ltr'><strong>latius</strong></span> <span class='ocrx_word' id='word_1_191' title='bbox 562 3447 631 3534; x_wconf 87' lang='lat' dir='ltr'><strong>jam</strong></span> <span class='ocrx_word' id='word_1_192' title='bbox 648 3448 843 3534; x_wconf 86' lang='lat' dir='ltr'><strong>vagabantur</strong></span> <span class='ocrx_word' id='word_1_193' title='bbox 862 3449 944 3513; x_wconf 93' lang='lat' dir='ltr'><strong>etin</strong></span> <span class='ocrx_word' id='word_1_194' title='bbox 968 3446 1038 3514; x_wconf 87' lang='lat' dir='ltr'><strong>finis</strong></span> <span class='ocrx_word' id='word_1_195' title='bbox 1053 3448 1236 3513; x_wconf 88' lang='lat' dir='ltr'><strong>Eburonum</strong></span> 
     </span>
     <span class='ocr_line' id='line_1_27' title="bbox 146 3549 1236 3633; baseline 0 -20"><span class='ocrx_word' id='word_1_196' title='bbox 146 3557 178 3613; x_wconf 88' lang='lat' dir='ltr'><strong>et</strong></span> <span class='ocrx_word' id='word_1_197' title='bbox 200 3549 440 3627; x_wconf 77' lang='lat' dir='ltr'><strong>Condrusorum,</strong></span> <span class='ocrx_word' id='word_1_198' title='bbox 466 3549 612 3633; x_wconf 90' lang='lat' dir='ltr'><strong>quisunt</strong></span> <span class='ocrx_word' id='word_1_199' title='bbox 635 3549 834 3614; x_wconf 83' lang='lat' dir='ltr'><strong>Trevirorum</strong></span> <span class='ocrx_word' id='word_1_200' title='bbox 858 3549 995 3626; x_wconf 89' lang='lat' dir='ltr'><strong>clientes,</strong></span> <span class='ocrx_word' id='word_1_201' title='bbox 1020 3556 1236 3633; x_wconf 86' lang='lat' dir='ltr'><strong>pervenerant.</strong></span> 
     </span>
     <span class='ocr_line' id='line_1_28' title="bbox 148 3648 1234 3735; baseline 0.003 -23"><span class='ocrx_word' id='word_1_202' title='bbox 148 3648 348 3735; x_wconf 91' lang='lat' dir='ltr'><strong>Principibus</strong></span> <span class='ocrx_word' id='word_1_203' title='bbox 383 3649 492 3714; x_wconf 69' lang='lat' dir='ltr'><strong>Galliae</strong></span> <span class='ocrx_word' id='word_1_204' title='bbox 528 3649 675 3725; x_wconf 87' lang='lat' dir='ltr'><strong>evocatis,</strong></span> <span class='ocrx_word' id='word_1_205' title='bbox 712 3649 816 3714; x_wconf 79' lang='lat' dir='ltr'><strong>Oaesar</strong></span> <span class='ocrx_word' id='word_1_206' title='bbox 848 3672 894 3727; x_wconf 89' lang='lat' dir='ltr'><strong>ea,</strong></span> <span class='ocrx_word' id='word_1_207' title='bbox 931 3671 1000 3732; x_wconf 88' lang='lat' dir='ltr'><strong>quse</strong></span> <span class='ocrx_word' id='word_1_208' title='bbox 1032 3659 1234 3734; x_wconf 88' lang='lat' dir='ltr'><strong>cognoverat,</strong></span> 
     </span>
     <span class='ocr_line' id='line_1_29' title="bbox 146 3748 1237 3835; baseline 0.005 -23"><span class='ocrx_word' id='word_1_209' title='bbox 146 3748 372 3815; x_wconf 85' lang='lat' dir='ltr'><strong>dissimulanda</strong></span> <span class='ocrx_word' id='word_1_210' title='bbox 395 3750 454 3815; x_wconf 90' lang='lat' dir='ltr'><strong>sibi</strong></span> <span class='ocrx_word' id='word_1_211' title='bbox 474 3749 676 3826; x_wconf 83' lang='lat' dir='ltr'><strong>existimavit,</strong></span> <span class='ocrx_word' id='word_1_212' title='bbox 701 3772 868 3833; x_wconf 89' lang='lat' dir='ltr'><strong>eorumque</strong></span> <span class='ocrx_word' id='word_1_213' title='bbox 890 3749 1002 3814; x_wconf 92' lang='lat' dir='ltr'><strong>animis</strong></span> <span class='ocrx_word' id='word_1_214' title='bbox 1023 3750 1185 3835; x_wconf 91' lang='lat' dir='ltr'><strong>permulsis</strong></span> <span class='ocrx_word' id='word_1_215' title='bbox 1204 3761 1237 3817; x_wconf 92' lang='lat' dir='ltr'><strong>et</strong></span> 
     </span>
     <span class='ocr_line' id='line_1_30' title="bbox 146 3848 1238 3936; baseline 0.004 -23"><span class='ocrx_word' id='word_1_216' title='bbox 146 3848 338 3916; x_wconf 86' lang='lat' dir='ltr'><strong>confirmatis</strong></span> <span class='ocrx_word' id='word_1_217' title='bbox 373 3851 573 3934; x_wconf 89' lang='lat' dir='ltr'><strong>equitatuque</strong></span> <span class='ocrx_word' id='word_1_218' title='bbox 611 3850 775 3936; x_wconf 88' lang='lat' dir='ltr'><strong>imperato,</strong></span> <span class='ocrx_word' id='word_1_219' title='bbox 813 3850 928 3915; x_wconf 88' lang='lat' dir='ltr'><strong>bellum</strong></span> <span class='ocrx_word' id='word_1_220' title='bbox 965 3872 1036 3914; x_wconf 92' lang='lat' dir='ltr'><strong>cum</strong></span> <span class='ocrx_word' id='word_1_221' title='bbox 1073 3850 1238 3918; x_wconf 87' lang='lat' dir='ltr'><strong>Germanis</strong></span> 
     </span>
     <span class='ocr_line' id='line_1_31' title="bbox 144 3950 443 4036; baseline 0.007 -23"><span class='ocrx_word' id='word_1_222' title='bbox 144 3972 252 4036; x_wconf 79' lang='lat' dir='ltr'><strong>gerere</strong></span> <span class='ocrx_word' id='word_1_223' title='bbox 269 3950 443 4016; x_wconf 86' lang='lat' dir='ltr'><strong>constituit.</strong></span> 
     </span>
    </p>

    <p class='ocr_par' dir='ltr' id='par_1_7' title="bbox 146 4049 1239 4940">
     <span class='ocr_line' id='line_1_32' title="bbox 193 4049 1236 4136; baseline 0.005 -23"><span class='ocrx_word' id='word_1_224' title='bbox 193 4049 274 4115; x_wconf 91' lang='lat' dir='ltr'><strong>VII.</strong></span> <span class='ocrx_word' id='word_1_225' title='bbox 308 4051 356 4115; x_wconf 89' lang='lat' dir='ltr'><strong>Re</strong></span> <span class='ocrx_word' id='word_1_226' title='bbox 399 4050 605 4116; x_wconf 81' lang='lat' dir='ltr'><strong>frumentaria</strong></span> <span class='ocrx_word' id='word_1_227' title='bbox 639 4059 820 4136; x_wconf 90' lang='lat' dir='ltr'><strong>comparata</strong></span> <span class='ocrx_word' id='word_1_228' title='bbox 851 4049 1066 4135; x_wconf 88' lang='lat' dir='ltr'><strong>equitibusque</strong></span> <span class='ocrx_word' id='word_1_229' title='bbox 1097 4051 1236 4132; x_wconf 86' lang='lat' dir='ltr'><strong>delectis,</strong></span> 
     </span>
     <span class='ocr_line' id='line_1_33' title="bbox 147 4150 1239 4237; baseline 0.005 -23"><span class='ocrx_word' id='word_1_230' title='bbox 147 4150 210 4214; x_wconf 91' lang='lat' dir='ltr'><strong>iter</strong></span> <span class='ocrx_word' id='word_1_231' title='bbox 231 4151 262 4216; x_wconf 89' lang='lat' dir='ltr'><strong>iu</strong></span> <span class='ocrx_word' id='word_1_232' title='bbox 284 4175 321 4216; x_wconf 89' lang='lat' dir='ltr'><strong>ea</strong></span> <span class='ocrx_word' id='word_1_233' title='bbox 342 4151 410 4216; x_wconf 90' lang='lat' dir='ltr'><strong>loca</strong></span> <span class='ocrx_word' id='word_1_234' title='bbox 434 4152 534 4216; x_wconf 87' lang='lat' dir='ltr'><strong>faeere</strong></span> <span class='ocrx_word' id='word_1_235' title='bbox 556 4151 658 4237; x_wconf 83' lang='lat' dir='ltr'><strong>coepit,</strong></span> <span class='ocrx_word' id='word_1_236' title='bbox 682 4152 793 4235; x_wconf 91' lang='lat' dir='ltr'><strong>quibus</strong></span> <span class='ocrx_word' id='word_1_237' title='bbox 817 4152 850 4216; x_wconf 91' lang='lat' dir='ltr'><strong>in</strong></span> <span class='ocrx_word' id='word_1_238' title='bbox 873 4152 949 4216; x_wconf 91' lang='lat' dir='ltr'><strong>locis</strong></span> <span class='ocrx_word' id='word_1_239' title='bbox 977 4172 1042 4215; x_wconf 86' lang='lat' dir='ltr'><strong>esse</strong></span> <span class='ocrx_word' id='word_1_240' title='bbox 1065 4150 1239 4220; x_wconf 81' lang='lat' dir='ltr'><strong>Germanos</strong></span> 
     </span>
     <span class='ocr_line' id='line_1_34' title="bbox 147 4250 1237 4337; baseline 0.005 -22"><span class='ocrx_word' id='word_1_241' title='bbox 147 4250 306 4316; x_wconf 88' lang='lat' dir='ltr'><strong>audiebat.</strong></span> <span class='ocrx_word' id='word_1_242' title='bbox 352 4253 384 4315; x_wconf 88' lang='lat' dir='ltr'>A</span> <span class='ocrx_word' id='word_1_243' title='bbox 414 4252 525 4336; x_wconf 88' lang='lat' dir='ltr'><strong>quibus</strong></span> <span class='ocrx_word' id='word_1_244' title='bbox 547 4275 642 4336; x_wconf 90' lang='lat' dir='ltr'><strong>quum</strong></span> <span class='ocrx_word' id='word_1_245' title='bbox 667 4274 837 4337; x_wconf 86' lang='lat' dir='ltr'><strong>paucorum</strong></span> <span class='ocrx_word' id='word_1_246' title='bbox 867 4252 988 4316; x_wconf 90' lang='lat' dir='ltr'><strong>dierum</strong></span> <span class='ocrx_word' id='word_1_247' title='bbox 1015 4251 1076 4316; x_wconf 82' lang='lat' dir='ltr'><strong>iter</strong></span> <span class='ocrx_word' id='word_1_248' title='bbox 1104 4254 1237 4333; x_wconf 85' lang='lat' dir='ltr'><strong>abesset,</strong></span> 
     </span>
     <span class='ocr_line' id='line_1_35' title="bbox 146 4351 1239 4438; baseline 0.005 -22"><span class='ocrx_word' id='word_1_249' title='bbox 146 4352 243 4438; x_wconf 88' lang='lat' dir='ltr'><strong>legati</strong></span> <span class='ocrx_word' id='word_1_250' title='bbox 258 4352 298 4417; x_wconf 91' lang='lat' dir='ltr'><strong>ab</strong></span> <span class='ocrx_word' id='word_1_251' title='bbox 318 4351 368 4417; x_wconf 91' lang='lat' dir='ltr'><strong>his</strong></span> <span class='ocrx_word' id='word_1_252' title='bbox 389 4360 550 4429; x_wconf 88' lang='lat' dir='ltr'><strong>venerunt,</strong></span> <span class='ocrx_word' id='word_1_253' title='bbox 567 4375 696 4435; x_wconf 91' lang='lat' dir='ltr'><strong>quorum</strong></span> <span class='ocrx_word' id='word_1_254' title='bbox 719 4352 785 4416; x_wconf 87' lang='lat' dir='ltr'><strong>haec</strong></span> <span class='ocrx_word' id='word_1_255' title='bbox 805 4352 865 4416; x_wconf 89' lang='lat' dir='ltr'><strong>fuit</strong></span> <span class='ocrx_word' id='word_1_256' title='bbox 887 4351 1005 4416; x_wconf 88' lang='lat' dir='ltr'><strong>oratio:</strong></span> <span class='ocrx_word' id='word_1_257' title='bbox 1035 4351 1239 4421; x_wconf 78' lang='lat' dir='ltr'><strong>“Germanos</strong></span> 
     </span>
     <span class='ocr_line' id='line_1_36' title="bbox 146 4452 1238 4538; baseline 0.004 -22"><span class='ocrx_word' id='word_1_258' title='bbox 146 4474 247 4536; x_wconf 89' lang='lat' dir='ltr'><strong>neque</strong></span> <span class='ocrx_word' id='word_1_259' title='bbox 269 4453 386 4538; x_wconf 86' lang='lat' dir='ltr'><strong>priores</strong></span> <span class='ocrx_word' id='word_1_260' title='bbox 411 4452 524 4538; x_wconf 92' lang='lat' dir='ltr'><strong>populo</strong></span> <span class='ocrx_word' id='word_1_261' title='bbox 552 4452 695 4516; x_wconf 87' lang='lat' dir='ltr'><strong>Romano</strong></span> <span class='ocrx_word' id='word_1_262' title='bbox 717 4452 833 4516; x_wconf 87' lang='lat' dir='ltr'><strong>bellum</strong></span> <span class='ocrx_word' id='word_1_263' title='bbox 858 4452 980 4527; x_wconf 86' lang='lat' dir='ltr'><strong>inferre,</strong></span> <span class='ocrx_word' id='word_1_264' title='bbox 1007 4474 1106 4535; x_wconf 90' lang='lat' dir='ltr'><strong>neque</strong></span> <span class='ocrx_word' id='word_1_265' title='bbox 1131 4462 1238 4520; x_wconf 88' lang='lat' dir='ltr'><strong>tamen</strong></span> 
     </span>
     <span class='ocr_line' id='line_1_37' title="bbox 146 4552 1238 4637; baseline 0.004 -21"><span class='ocrx_word' id='word_1_266' title='bbox 146 4575 299 4633; x_wconf 89' lang='lat' dir='ltr'><strong>recusare,</strong></span> <span class='ocrx_word' id='word_1_267' title='bbox 322 4552 347 4617; x_wconf 88' lang='lat' dir='ltr'><strong>si</strong></span> <span class='ocrx_word' id='word_1_268' title='bbox 369 4553 569 4628; x_wconf 88' lang='lat' dir='ltr'><strong>lacessantur,</strong></span> <span class='ocrx_word' id='word_1_269' title='bbox 597 4553 671 4637; x_wconf 89' lang='lat' dir='ltr'><strong>quin</strong></span> <span class='ocrx_word' id='word_1_270' title='bbox 698 4552 792 4616; x_wconf 89' lang='lat' dir='ltr'><strong>armis</strong></span> <span class='ocrx_word' id='word_1_271' title='bbox 816 4553 1028 4627; x_wconf 83' lang='lat' dir='ltr'><strong>contendaut;</strong></span> <span class='ocrx_word' id='word_1_272' title='bbox 1055 4554 1138 4637; x_wconf 90' lang='lat' dir='ltr'><strong>quod</strong></span> <span class='ocrx_word' id='word_1_273' title='bbox 1161 4556 1238 4620; x_wconf 88' lang='lat' dir='ltr'><strong>Ger-</strong></span> 
     </span>
     <span class='ocr_line' id='line_1_38' title="bbox 147 4651 1238 4739; baseline 0.003 -22"><span class='ocrx_word' id='word_1_274' title='bbox 147 4674 311 4718; x_wconf 88' lang='lat' dir='ltr'><strong>manorum</strong></span> <span class='ocrx_word' id='word_1_275' title='bbox 333 4653 523 4718; x_wconf 89' lang='lat' dir='ltr'><strong>consuetudo</strong></span> <span class='ocrx_word' id='word_1_276' title='bbox 550 4652 680 4718; x_wconf 80' lang='lat' dir='ltr'><strong>haesit</strong></span> <span class='ocrx_word' id='word_1_277' title='bbox 704 4675 725 4716; x_wconf 91' lang='lat' dir='ltr'><strong>a</strong></span> <span class='ocrx_word' id='word_1_278' title='bbox 750 4651 919 4739; x_wconf 89' lang='lat' dir='ltr'><strong>majoribus</strong></span> <span class='ocrx_word' id='word_1_279' title='bbox 949 4652 1076 4730; x_wconf 86' lang='lat' dir='ltr'><strong>tradita,</strong></span> <span class='ocrx_word' id='word_1_280' title='bbox 1101 4655 1238 4739; x_wconf 91' lang='lat' dir='ltr'><strong>quicum-</strong></span> 
     </span>
     <span class='ocr_line' id='line_1_39' title="bbox 147 4752 1238 4840; baseline 0.001 -21"><span class='ocrx_word' id='word_1_281' title='bbox 147 4776 207 4837; x_wconf 89' lang='lat' dir='ltr'><strong>que</strong></span> <span class='ocrx_word' id='word_1_282' title='bbox 232 4753 349 4818; x_wconf 91' lang='lat' dir='ltr'><strong>bellum</strong></span> <span class='ocrx_word' id='word_1_283' title='bbox 370 4754 516 4828; x_wconf 77' lang='lat' dir='ltr'><strong>inferant,</strong></span> <span class='ocrx_word' id='word_1_284' title='bbox 538 4754 690 4830; x_wconf 87' lang='lat' dir='ltr'><strong>resistere,</strong></span> <span class='ocrx_word' id='word_1_285' title='bbox 713 4776 812 4836; x_wconf 90' lang='lat' dir='ltr'><strong>neque</strong></span> <span class='ocrx_word' id='word_1_286' title='bbox 840 4752 1015 4840; x_wconf 88' lang='lat' dir='ltr'><strong>deprecari:</strong></span> <span class='ocrx_word' id='word_1_287' title='bbox 1043 4752 1109 4818; x_wconf 85' lang='lat' dir='ltr'><strong>haec</strong></span> <span class='ocrx_word' id='word_1_288' title='bbox 1132 4764 1238 4820; x_wconf 88' lang='lat' dir='ltr'><strong>tamen</strong></span> 
     </span>
     <span class='ocr_line' id='line_1_40' title="bbox 148 4851 1237 4940; baseline 0.002 -22"><span class='ocrx_word' id='word_1_289' title='bbox 148 4852 264 4930; x_wconf 85' lang='lat' dir='ltr'><strong>dicere,</strong></span> <span class='ocrx_word' id='word_1_290' title='bbox 295 4853 416 4921; x_wconf 84' lang='lat' dir='ltr'><strong>venisse</strong></span> <span class='ocrx_word' id='word_1_291' title='bbox 444 4853 568 4933; x_wconf 82' lang='lat' dir='ltr'><strong>inritos,</strong></span> <span class='ocrx_word' id='word_1_292' title='bbox 600 4851 715 4940; x_wconf 87' lang='lat' dir='ltr'><strong>ejectos</strong></span> <span class='ocrx_word' id='word_1_293' title='bbox 744 4854 849 4921; x_wconf 92' lang='lat' dir='ltr'><strong>domo.</strong></span> <span class='ocrx_word' id='word_1_294' title='bbox 910 4853 944 4918; x_wconf 91' lang='lat' dir='ltr'><strong>Si</strong></span> <span class='ocrx_word' id='word_1_295' title='bbox 979 4875 1066 4918; x_wconf 87' lang='lat' dir='ltr'><strong>suam</strong></span> <span class='ocrx_word' id='word_1_296' title='bbox 1102 4856 1237 4939; x_wconf 88' lang='lat' dir='ltr'><strong>gratiam</strong></span> 
     </span>
    </p>
   </div>
   <div class='ocr_carea' id='block_1_5' title="bbox 0 0 1455 5378">
    <p class='ocr_par' dir='ltr' id='par_1_8' title="bbox 0 0 1455 5378">
     <span class='ocr_line' id='line_1_41' title="bbox 0 0 1455 5378; baseline 0 0"><span class='ocrx_word' id='word_1_297' title='bbox 0 0 1455 5378; x_wconf 95' lang='lat' dir='ltr'><strong> </strong></span> 
     </span>
    </p>
   </div>
  </div>
 </body>
</html>
