2858 5310
224 805 294 875 xcii
502 818 579 872 rna
601 817 781 873 senuaar
805 817 854 873 or
877 818 1044 875 monus.

222 980 344 1067 paterni
365 981 503 1065 avitique
532 981 667 1066 exempli
699 1003 855 1047 successor
884 1005 917 1047 se
945 981 1012 1066 ipse
1042 977 1209 1046 transfixit.
1273 982 1320 1048 At

221 1106 238 1144 c
265 1081 421 1167 praefectis
447 1090 619 1146 castrorum
648 1082 780 1162 duobus,
808 1105 900 1167 quam
928 1083 1045 1146 clarum
1073 1082 1252 1168 exemplum
1281 1083 1317 1147 L.

223 1181 352 1268 Eggius,
382 1191 450 1247 tam
475 1190 567 1268 turpe
596 1183 664 1265 (0.)
690 1181 835 1248 Ceionius
860 1183 1016 1267 prodidit:
1040 1182 1102 1266 qui,
1130 1205 1203 1248 cum
1226 1184 1317 1270 longe

221 1283 392 1347 maximam
416 1292 539 1368 partem
561 1283 761 1348 absumsisset
788 1283 879 1361 acies,
905 1294 1015 1348 auctor
1042 1283 1219 1363 deditionis,
1247 1307 1318 1370 sup·

220 1384 312 1469 plicio
353 1406 446 1467 quam
486 1383 592 1469 proelio
628 1384 707 1448 mori
744 1384 867 1448 maluit.
928 1383 976 1448 At
1015 1382 1100 1448 Vala
1131 1383 1316 1463 Numonius,

220 1484 342 1568 legatus
366 1484 456 1562 Vari,
481 1494 585 1549 cetera
610 1485 733 1568 quietus
754 1506 791 1548 ac
813 1484 937 1570 probus,
960 1483 1020 1547 diri
1042 1493 1152 1548 auctor
1168 1485 1314 1571 exempli,

219 1585 387 1669 spoliatum
404 1584 508 1670 equite
526 1583 662 1669 peditem
683 1583 866 1668 relinquens,
890 1582 966 1670 fuga
991 1606 1062 1648 cum
1085 1583 1143 1650 alis
1167 1584 1314 1651 Rhenum

217 1693 324 1769 petere
351 1685 507 1770 ingressus
531 1693 589 1750 est.
640 1685 734 1767 Quod
762 1684 881 1749 sactum
906 1682 974 1770 ejus
998 1685 1125 1749 fortuna
1150 1686 1219 1750 ulta
1246 1694 1311 1751 est:

218 1807 282 1850 non
314 1785 397 1850 enim
438 1786 568 1851 desertis
597 1786 761 1871 superfuit,
791 1785 847 1850 sed
876 1786 1016 1850 desertor
1048 1784 1175 1852 occidit.
1235 1785 1314 1851 Vari

217 1908 330 1971 corpus
361 1886 543 1951 semiustum
574 1885 695 1951 hostilis
725 1885 915 1950 laceraverat
948 1885 1079 1959 feritas3
1119 1895 1217 1971 capnt
1246 1885 1314 1973 ejus

217 1986 399 2062 abscissum,
421 1986 581 2070 latumque
601 1985 644 2050 ad
666 1986 907 2063 Maroboduum,
928 1993 961 2050 et
987 1986 1028 2050 ab
1054 2009 1092 2051 eo
1114 1987 1244 2052 missum
1269 1987 1313 2053 ad

218 2086 381 2166 cesarem,
396 2087 544 2172 gentilitii
559 2087 687 2151 tandem
704 2086 817 2151 tumuli
833 2086 992 2172 sepultura
1006 2088 1194 2152 honoratum
1208 2097 1268 2154 est.

263 2188 377 2253 CXX.
400 2187 463 2253 His
488 2187 604 2253 auditis
630 2187 751 2251 revolat
773 2186 815 2251 ad
842 2196 963 2272 patrem
990 2187 1115 2262 Oaesar3
1144 2196 1334 2274 perpetuus.

217 2298 367 2375 patronus
397 2288 531 2353 Romani
563 2287 693 2373 imperii,
721 2296 878 2352 assuetam
913 2288 972 2352 sibi
1006 2311 1132 2353 causam
1170 2290 1314 2375 suscipit.

218 2390 362 2455 Mittitur
376 2390 419 2454 ad
436 2389 649 2464 Germaniam,
666 2388 784 2454 Gallias
801 2386 973 2466 coufirmat,
989 2387 1126 2474 disponit
1144 2390 1311 2467 exercitus,

217 2490 364 2575 praesidia
391 2490 514 2561 munit;
551 2512 584 2554 se
611 2489 826 2574 magnitudine
853 2511 919 2565 sua,
946 2511 1008 2552 non
1039 2487 1154 2553 fiducia
1185 2489 1311 2577 (ducis)

216 2591 357 2669 metiens,
377 2591 429 2676 qui
445 2590 633 2656 Cimbricam
651 2590 915 2674 Teutonicamque
934 2589 1079 2654 militiam
1096 2589 1198 2654 Italiac
1213 2591 1312 2656 mina·

216 2690 319 2767 batur,
350 2691 434 2755 ultro
460 2690 605 2754 Rhenum
634 2712 706 2754 cum
735 2690 874 2755 excrcitu
906 2690 1141 2775 transgreditur.
1210 2691 1312 2756 Arma

214 2789 308 2855 infert
333 2791 430 2876 genti,
458 2813 552 2874 quam
576 2791 710 2856 arcuisse
738 2798 828 2875 pater
849 2798 882 2855 et
903 2791 1006 2875 patria
1031 2791 1169 2855 contenti
1198 2801 1308 2865 erant;

215 2899 360 2975 penetrat
389 2891 529 2966 interius,
557 2890 657 2974 aperit
686 2890 810 2967 limites,
839 2900 943 2955 vastat
968 2913 1069 2975 agros,
1098 2891 1162 2954 urit
1190 2891 1310 2972 domos,

216 2990 320 3055 fundit
347 2991 476 3064 obvios,
515 2990 714 3073 maximaque
740 3013 811 3054 cum
840 2991 947 3075 gloria,
981 2991 1128 3055 incolumi
1160 2994 1309 3072 omnium,

216 3115 293 3175 quos
318 3090 550 3166 transduxerat,
584 3113 724 3166 numero,
759 3091 792 3154 in
823 3091 952 3155 hiberna
984 3092 1161 3156 revertitur.
1226 3093 1310 3158 Red-

214 3192 309 3257 datur
339 3215 447 3257 verum
478 3191 516 3254 L.
547 3191 717 3275 Asprenati
750 3192 985 3266 testimonium,
1017 3191 1070 3276 qui
1099 3193 1221 3279 legatus
1251 3195 1309 3259 sub

214 3294 368 3359 avunculo
398 3315 454 3357 suo
484 3290 572 3356 Varo
599 3291 746 3369 militaus,
775 3314 856 3356 nava
883 3293 1024 3376 virilique
1053 3316 1148 3377 opera
1176 3294 1309 3359 duarum

215 3394 380 3479 legionum,
405 3393 516 3478 quibus
544 3399 686 3478 praeerat,
716 3392 889 3457 exercitum
918 3393 1087 3457 immunem
1111 3401 1202 3458 tanta
1229 3395 1309 3459 cala-

214 3496 324 3560 mitate
338 3495 492 3570 servavit;
517 3501 698 3577 matureque
713 3493 754 3558 ad
769 3494 914 3557 inferiora
933 3493 1062 3557 hiberna
1081 3493 1308 3571 descendendo,

215 3595 396 3660 vacillantes
418 3593 488 3679 jam
516 3596 560 3659 cis
584 3594 730 3658 Rhenum
761 3594 892 3659 sitarum
918 3594 1057 3678 gentium
1088 3594 1208 3658 animos
1237 3618 1311 3660 con·

214 3692 362 3760 firmavit.
413 3694 494 3759 Sunt
520 3702 636 3772 tamen,
664 3695 726 3778 qui,
752 3702 789 3758 ut
812 3695 901 3759 vivos
926 3695 965 3758 ab
992 3717 1028 3759 eo
1054 3694 1238 3774 vindicatos,
1263 3697 1309 3762 ita

208 3791 424 3879 jugulatorum
442 3795 499 3860 sub
515 3795 603 3860 Varo
619 3802 772 3879 occupata
786 3795 974 3859 crediderint
998 3795 1194 3880 patrimonia,
1219 3796 1307 3861 here·

214 3895 406 3980 ditatcmque
430 3896 526 3961 excisi
550 3896 714 3974 exercitus,
734 3896 765 3959 in
797 3905 948 3979 quantum
961 3896 1103 3973 voluerit,
1119 3896 1159 3960 ab
1183 3920 1220 3961 eo
1240 3897 1306 3961 adi-

213 4004 289 4064 tam.
337 3996 426 4061 Lucii
445 3996 540 4062 etiam
559 3995 695 4073 Oaedicii,
715 3996 852 4081 praefccti
872 4004 1053 4074 castrorum,
1072 4019 1239 4081 eorumque
1254 3998 1306 4082 qui

212 4119 275 4161 una
292 4097 475 4163 circumdati
493 4097 624 4161 Alisone
646 4096 803 4162 immensis
826 4095 1053 4160 Germanorum
1072 4097 1168 4181 copiis
1185 4098 1306 4163 obside-

213 4197 337 4275 bantur,
368 4197 526 4262 laudanda
554 4197 654 4261 virtus
683 4204 753 4269 cst;
797 4197 859 4280 qui,
894 4197 1037 4262 omnibus
1070 4196 1305 4263 difficultatibus

211 4298 376 4383 superatis,
393 4320 470 4384 quas
484 4297 587 4382 inopia
601 4320 704 4361 rerum
720 4297 937 4378 intolerabiles,
956 4298 1003 4362 vis
1017 4298 1153 4363 hostium
1171 4297 1306 4363 faciebat

212 4397 485 4483 inexsuperabiles,
501 4419 558 4461 noc
580 4397 745 4461 temerario
766 4397 902 4474 consilio,
922 4421 978 4461 nec
998 4399 1084 4483 segni
1108 4398 1307 4483 providentia

210 4500 270 4574 usi,
291 4498 502 4584 speculatique
522 4497 800 4583 opportunitatem,
823 4498 904 4562 ferro
924 4498 981 4563 sibi
1003 4498 1044 4563 ad
1068 4522 1139 4564 suos
1159 4522 1306 4585 peperere

209 4599 381 4664 reditum..
415 4599 551 4682 Exque
576 4609 706 4683 apparet
733 4596 864 4677 Varum,
888 4621 962 4663 sane
992 4622 1120 4685 gravem
1152 4607 1185 4664 et
1214 4600 1305 4667 bonae

208 4700 381 4767 voluntatis
399 4699 513 4775 virum,
534 4698 633 4784 magis
654 4698 850 4784 imperatoris
874 4699 1030 4764 defectum
1052 4701 1189 4781 consilio,
1211 4724 1305 4785 quam

206 4801 325 4870 virtute
346 4800 532 4868 destitutum
553 4800 699 4881 militum,
721 4798 1176 4887 semagnificentissimumqus
1201 4802 1305 4888 perdi·
