2886 5378
572 878 864 934 raorueounrvr.
1223 865 1272 936 xli

167 1034 305 1104 Λέοντος
322 1031 378 1098 καὶ
393 1033 556 1111 Φωτεινῆς
572 1028 640 1100 υἱὸς
654 1031 814 1112 γεγονώς·
829 1081 836 1096 .
849 1028 887 1094 .ὁ
904 1029 940 1094 δὲ
960 1030 1053 1103 ὅσιος
1080 1032 1175 1103 οὗτος
1202 1033 1272 1100 ἐπί-

171 1164 298 1207 σκοπος
312 1134 464 1216 Ἰωάννης
472 1132 558 1218 μετὰ
569 1137 674 1199 ταῦτα
687 1132 773 1217 μετὰ
785 1137 844 1200 τοῦ
854 1133 1033 1202 ἰδίουλσοῦ
1048 1141 1117 1208 τοῖς
1127 1135 1274 1224 ἄρχουσι

170 1245 235 1307 τῶν
263 1240 422 1327 Χσζάρων
451 1236 596 1323 ἐξεδόθη,
620 1236 675 1303 διὰ
697 1238 734 1304 τὸ
765 1239 973 1322 συσταθῆναι
995 1240 1084 1329 αὐτῷ
1104 1241 1151 1328 τῷ
1172 1240 1273 1328 κυρίῳ

171 1344 318 1419 Perdice,
340 1342 397 1409 real
419 1347 489 1413 τοῖς
511 1341 675 1430 ἄρχουσιν
697 1342 800 1408 αὐτοῦ
822 1342 878 1408 καὶ
900 1343 1002 1409 παντὶ
1024 1350 1070 1431 τῷ
1089 1347 1172 1431 λαῷ,
1188 1344 1272 1432 πρὸς

173 1447 211 1512 τὸ
240 1446 286 1529 μὴ
324 1449 584 1533 κατοκυριεῦσσι
612 1449 670 1526 τῆς
699 1446 812 1533 χώρας
842 1445 950 1512 αὐτῶν
978 1444 1053 1518 τοὺς
1084 1446 1272 1533 εἰρημένους

171 1549 348 1637 Χσζάρους.
374 1548 590 1619 Ἀποστείλος
605 1547 669 1635 γὰρ
685 1547 702 1612 ὁ
718 1549 870 1631 Χσηάνος
887 1549 1059 1637 πσρέλσὲε
1074 1548 1112 1615 τὸ
1128 1549 1274 1638 κάστρον

174 1652 281 1718 αὐτῶν
315 1653 353 1717 τὸ
396 1649 577 1734 λεγόμενον
606 1651 721 1737 Δορὸς,
750 1650 887 1734 θέμενος
927 1652 961 1717 ἐν
997 1653 1087 1740 αὐτῷ
1118 1653 1272 1738 φύλακος

173 1755 342 1838 τοξάσσυς,
368 1753 423 1824 οὓς
450 1753 506 1818 καὶ
531 1751 703 1837 ἔξεδίωξεν
727 1753 744 1818 ὁ
775 1753 942 1842 εἰρημένος
966 1755 1058 1827 ὅσιος
1085 1754 1271 1827 ἐπίσκοπος

171 1859 256 1940 μετὰ
271 1857 431 1924 eadhaed
450 1857 561 1930 αὐτοῦ,
585 1856 641 1921 καὶ
663 1856 723 1927 τὰς
745 1856 941 1946 χλησούρσς
963 1856 1271 1947 ἐκράτησεν-Ἧι.

175 1965 207 2030 S.
226 1964 370 2043 Joauuis,
388 1987 428 2029 ex
444 1963 522 2029 Ood.
540 1963 647 2028 Vatic.
664 1987 714 2048 ap.
733 1964 812 2028 Boll.
830 1964 906 2031 Juu.
927 1971 956 2042 5,
976 1969 1048 2044 190,
1067 1970 1139 2034 191.

219 2090 280 2131 mn.
300 2068 393 2142 1255,
416 2065 494 2150 they
512 2063 608 2148 spokc
626 2064 761 2128 German
776 2072 852 2127 :-“
866 2066 895 2130 Il
914 2090 937 2152 y
958 2089 978 2130 a
1001 2066 1056 2132 des
1067 2069 1184 2152 grands
1202 2089 1271 2154 pro·

175 2166 344 2230 montoires
369 2187 409 2229 ou
432 2187 505 2250 caps
530 2186 582 2229 sur
606 2173 689 2229 cette
713 2188 779 2229 mer
804 2165 913 2251 depuis
941 2167 1083 2231 Kersona
1102 2166 1272 2253 jusqu'aux

174 2267 398 2332 emhouchures
420 2265 462 2329 ‹lu
488 2264 605 2329 Tanais
630 2273 662 2329 et
685 2266 812 2330 environ
834 2275 984 2349 quarente
1006 2267 1161 2333 chateeux
1184 2275 1271 2332 entre

176 2367 319 2432 Kersona
336 2375 367 2431 et
385 2365 521 2443 Soldaia,
540 2364 617 2428 dont
636 2365 755 2429 chacun
772 2388 792 2429 a
807 2388 842 2430 sa
858 2364 970 2450 langue
985 2366 1197 2451 particulibre.
1243 2367 1272 2432 Il

175 2489 198 2553 y
223 2491 243 2531 a
269 2467 351 2532 aussi
380 2466 532 2551 plusieurs
562 2465 665 2540 Getta,
694 2466 748 2550 qui
778 2468 944 2531 reticaceat
970 2489 1072 2531 encore
1099 2468 1133 2534 lo
1160 2468 1272 2554 ἰουρνο

175 2566 517 2632 ΑέὼνηαυᾰοΓ-Βεὶε.
535 2565 724 2649 Rubruquis.

220 2667 263 2732 So
295 2667 371 2755 they
401 2666 456 2730 did
489 2666 521 2729 iu
552 2668 743 2730 1436:-“
761 2663 870 2730 Dritto
896 2665 967 2730 dell'
995 2666 1072 2733 isola
1099 2667 1131 2730 di
1162 2666 1271 2755 (lapha

177 2767 208 2832 d'
221 2768 355 2844 intorno,
371 2766 420 2832 eh'
434 2770 453 2831 e
469 2789 504 2831 su
516 2763 536 2829 'l
551 2788 620 2830 mar
642 2765 811 2851 maggiore‚
826 2767 851 2831 si
875 2775 986 2832 truoua
999 2768 1030 2832 la
1048 2767 1168 2846 Gothic,
1185 2792 1202 2832 e
1217 2768 1269 2855 poi

176 2867 196 2933 l'
211 2867 336 2945 Alauia,
354 2867 457 2951 laqual
473 2871 513 2930 va
528 2889 583 2951 per
599 2866 706 2932 l'isola
727 2888 815 2932 verso
833 2868 1014 2932 Moucastro
1031 2917 1038 2932 .
1056 2919 1063 2934 .
1090 2870 1181 2933 Gothi
1189 2891 1270 2954 por·

178 2968 249 3032 leno
274 2969 309 3032 ia
341 2967 478 3033 Tedceeo.
532 2965 575 3030 So
605 2976 725 3050 questo,
752 2968 864 3051 perche
890 2967 1032 3032 havendo
1059 2990 1102 3032 un
1129 2970 1269 3055 famiglio

180 3068 322 3133 Todesco
354 3090 411 3132 con
433 3089 493 3145 me,
527 3067 696 3151 parlauauo
727 3067 854 3132 insieme
880 3075 912 3131 et
943 3068 1159 3134 iuterrdeuausi
1189 3071 1270 3135 assai

179 3168 471 3253 ragioueuolmente,
494 3166 557 3232 cosi
581 3190 667 3231 corne
691 3166 900 3232 s'iuteuderie
925 3191 967 3232 un
987 3168 1124 3234 Furlano
1148 3193 1207 3234 con
1227 3193 1270 3235 un

180 3267 549 3333 Fiorentin0.''-Josafa
563 3267 711 3332 Barbare.

223 3367 741 3452 r.0.1557-1564‚Busbequius
767 3368 921 3434 describes
944 3369 997 3433 the
1025 3392 1216 3455 appearance
1238 3370 1275 3435 of

180 3493 237 3535 oue
255 3470 292 3534 of
309 3470 395 3533 theru
418 3492 453 3534 as
476 3476 496 3505 “
507 3469 670 3554 procerior,
686 3475 754 3533 toto
770 3493 821 3533 ore
838 3469 1004 3556 iugenuam
1026 3469 1182 3553 quandam
1198 3469 1270 3535 sirn-

178 3569 349 3655 plicitatem
368 3593 431 3654 prae
455 3592 488 3634 ee
509 3569 621 3646 ferens,
638 3577 675 3633 ut
697 3568 833 3634 Flauder
847 3571 1005 3635 videretur
1029 3579 1086 3634 aut
1098 3569 1270 3636 Batavrrs.”

181 3670 234 3733 He
249 3669 369 3734 further
386 3669 579 3733 learned—“
591 3677 717 3754 gentem
732 3693 797 3736 esse
812 3670 1000 3749 bellicosam,
1015 3693 1083 3754 quae
1098 3671 1271 3756 complures

180 3792 276 3855 pagos
291 3768 443 3853 hodieque
461 3768 618 3844 incoleret,
637 3769 804 3853 exquibus
824 3770 1026 3836 Tartarorum
1049 3770 1182 3856 regulus,
1199 3793 1271 3834 cum

181 3869 352 3955 expediret,
364 3870 559 3955 octingentos
569 3869 690 3954 pedites
700 3869 900 3956 sclopetarios
911 3871 1069 3952 scriberet,
1079 3871 1270 3957 precipuum

180 3993 304 4035 suarum
314 3969 472 4055 copiarum
482 3971 727 4034 firmamentum:
745 3971 906 4056 primarias
918 3993 1025 4035 eorum
1038 3974 1129 4036 urbes
1140 3971 1271 4036 alteram

181 4073 322 4157 Maacap
337 4070 450 4147 vocari,
466 4070 598 4135 alteram
615 4070 796 4135 Seleucia.”

233 4170 367 4257 Finally,
382 4172 422 4236 he
436 4171 524 4257 gives
544 4193 565 4234 a
588 4172 676 4236 short
691 4170 880 4258 vocabulary
900 4172 936 4236 of
953 4172 1035 4237 their
1061 4173 1274 4257 language.-

182 4270 241 4336 See
258 4271 388 4357 Legatio
406 4271 549 4336 Turcica.

224 4371 291 4436 The
303 4381 425 4438 nearest
439 4372 697 4457 representatives
708 4372 744 4435 of
751 4371 805 4436 the
815 4394 926 4457 proper
939 4371 1041 4436 Gotho
1051 4372 1088 4436 of
1095 4373 1149 4437 the
1163 4371 1276 4436 Lower

180 4472 314 4545 Danube
328 4495 381 4536 ere
393 4472 480 4537 these
496 4472 598 4537 Gotho
612 4472 649 4536 of
660 4472 713 4536 the
729 4471 861 4550 Crimen,
874 4473 979 4538 whose
994 4473 1146 4558 language
1159 4473 1185 4537 is
1203 4495 1274 4536 now

179 4573 248 4637 said
261 4581 295 4636 to
309 4572 349 4638 be
366 4573 496 4648 extinct,
514 4573 571 4637 but
589 4574 658 4637 who
676 4572 796 4656 require
811 4573 931 4638 further
945 4573 1175 4658 investigatiou.

224 4672 292 4738 The
310 4673 462 4738 Germane
476 4674 512 4738 of
520 4674 598 4738 both
610 4674 664 4737 the
677 4673 847 4738 Vicentiue
860 4674 923 4738 and
938 4674 991 4738 the
1004 4672 1128 4738 Grimea
1137 4695 1191 4738 are
1204 4672 1274 4734 well

179 4772 425 4853 authenticated‚
443 4772 506 4838 aud
520 4773 757 4861 uuequivocally
774 4774 939 4840 Germanic
955 4775 1162 4860 populations.
1198 4772 1275 4835 This

180 4876 207 4939 is
221 4882 277 4938 not
294 4874 347 4939 the
363 4897 432 4940 case
448 4873 570 4938 with—
