2886 5378
1377 554 1442 593 „X-

475 857 594 916 norns
620 861 670 917 ou
698 862 855 918 sncmor
881 861 971 917 xcv.
1201 845 1271 917 165

176 1008 318 1104 insuper
334 1018 550 1109 emergentis
566 1019 691 1109 audiri,
706 1018 905 1111 formasque
924 1019 1082 1101 deorum,
1099 1027 1136 1089 et
1154 1020 1269 1089 radios

175 1130 318 1219 capitis²
344 1134 450 1224 aspici
469 1137 646 1226 persuasio
672 1136 805 1229 adjicit.
857 1135 950 1206 Illuc
967 1159 1078 1228 usque
1097 1140 1148 1228 (et
1171 1134 1267 1207 fama

176 1250 271 1337 vera)
292 1250 433 1319 tantum
446 1261 581 1322 natura.
634 1252 734 1347 Ergo,
740 1255 814 1345 jam
836 1253 963 1324 dextro
981 1252 1123 1323 Suevici
1143 1254 1266 1323 maris³

176 1357 280 1432 litore
297 1364 490 1437 AEstiorum
511 1369 655 1463 gentes⁴
680 1369 882 1441 alluuntur:
908 1370 1036 1462 quibus
1061 1371 1152 1440 ritus
1167 1370 1266 1440 habi·

174 1485 302 1570 tusque
336 1481 545 1568 Suevorum,
577 1485 699 1580 lingua
726 1486 939 1557 Britannicae
966 1486 1133 1579 propior.⁵
1183 1486 1266 1557 Ma-

174 1603 264 1664 trem
292 1599 398 1670 deirm
425 1613 657 1674 venerantur:
685 1605 822 1698 insigne
848 1604 1117 1696 superstitionis
1136 1603 1266 1675 formas

173 1734 335 1802 aprorum
359 1728 510 1810 gestant.
564 1720 606 1791 Id
633 1745 696 1814 pro
721 1722 827 1791 armis
853 1722 1021 1813 omnique
1047 1707 1185 1791 tulela:
1213 1745 1264 1809 se·

172 1851 296 1901 curum
339 1835 413 1904 dem
456 1836 627 1909 cultorem
669 1840 777 1909 etiam
821 1839 916 1908 inter
954 1838 1074 1908 hostes
1110 1847 1263 1929 prestat.

173 1943 285 2018 Rarus
313 1950 405 2034 ferri,
437 1953 601 2046 frequens
631 1957 778 2025 fustium
802 1978 893 2025 usus.
946 1953 1142 2025 Frumenta
1170 1964 1265 2025 cete-

173 2086 299 2157 rosque
328 2068 463 2142 fructus
497 2072 702 2163 patientius,
735 2071 842 2165 quam
877 2095 941 2163 pro
976 2069 1082 2141 soliti
1116 2070 1263 2141 Germa·

173 2202 297 2251 norum
333 2185 471 2270 inertift
507 2189 676 2259 laborant.
729 2189 801 2259 Sed
836 2198 871 2258 et
910 2211 1007 2257 mare
1041 2198 1265 2270 scrutantur3

172 2320 213 2367 ac
248 2301 312 2370 soli
343 2306 502 2375 omnium
533 2308 726 2390 succinum,
757 2306 850 2398 quod
882 2306 947 2398 ipsi
966 2301 1094 2402 plerum
1123 2315 1262 2387 vocant,

173 2416 267 2486 inter
301 2421 390 2489 voda
424 2434 530 2514 atque
565 2425 600 2493 in
632 2425 708 2515 ipso
739 2423 842 2493 litore
872 2421 1008 2515 legunt.
1062 2420 1153 2504 Nec,
1184 2444 1263 2513 quae

172 2542 306 2619 natura,
325 2559 447 2628 quaeve
464 2541 554 2608 ratio
571 2541 704 2632 gignat,
723 2549 763 2609 ut
781 2537 947 2621 barbaris,
962 2539 1148 2630 quaesitum
1167 2558 1266 2606 com·

171 2661 369 2741 pertumve.
421 2654 494 2725 Diu
522 2657 717 2748 quinetiam
748 2656 842 2725 inter
875 2665 994 2725 cetera
1025 2656 1264 2747 ejectamenta

172 2771 277 2838 moris
303 2772 459 2862 jacebat,
494 2775 606 2844 donec
640 2773 781 2843 luxuria
820 2784 939 2842 nostra
977 2773 1076 2842 dedit
1110 2795 1261 2843 nomen:

172 2887 254 2975 ipsis
289 2889 324 2956 in
354 2889 453 2959 nullo
482 2914 569 2973 usu;
604 2892 691 2960 rude
721 2890 862 2982 legitur,
892 2889 1044 2959 informe
1075 2890 1261 2982 perfertur,

172 3004 396 3097 pretiumque
425 3009 593 3077 mirantes
621 3009 810 3100 accipiunt.
863 3006 1017 3076 Succum
1053 3016 1173 3075 tamen
1209 3029 1263 3075 ar-

173 3120 297 3190 borum
330 3147 405 3194 esse
439 3124 627 3218 intelligas,
663 3126 745 3217 quia
780 3133 920 3193 terrena
955 3124 1115 3215 quaedam
1153 3136 1260 3215 atque

171 3238 277 3307 etiarn
309 3240 464 3311 volucria
496 3242 662 3313 animalia
690 3242 898 3334 plerumque
928 3239 1154 3321 interlucent,
1185 3263 1262 3331 quae

169 3354 351 3447 implicata
381 3359 539 3441 humore,
568 3383 652 3428 mox
681 3359 889 3428 durescente
919 3355 1078 3438 materici,
1115 3356 1263 3426 eludun-

170 3484 237 3540 tur.
291 3474 511 3546 Fecundiora
540 3478 649 3569 igitur
675 3498 820 3544 nemora
847 3473 1024 3564 lucosque,
1055 3475 1146 3542 sicut
1180 3472 1261 3543 Ori-

171 3591 263 3660 entis
297 3595 451 3675 secreds,
490 3593 550 3663 ubi
586 3593 692 3662 thura
729 3591 955 3682 balsamaque
989 3590 1170 3668 sudantur,
1207 3590 1259 3658 ita

171 3706 378 3779 Occidentis
412 3711 535 3781 insulis
569 3711 741 3801 terrisque
780 3689 893 3777 inesse
927 3707 1147 3788 crediderim,
1184 3730 1259 3798 qum

171 3825 277 3894 vicini
304 3827 386 3897 solis
414 3829 520 3898 radiis
549 3850 714 3920 expressa
740 3837 848 3917 atque
881 3824 1053 3916 liquentia
1080 3826 1116 3892 in
1145 3826 1264 3916 proxi-

168 3965 266 4011 mum
298 3967 393 4014 mare
421 3945 598 4025 labuntur,
626 3967 667 4013 ac
699 3944 733 4011 vi
764 3949 1018 4033 tempestatum
1046 3942 1083 4010 in
1113 3943 1260 4012 adversa

169 4059 273 4129 litora
307 4062 500 4132 exundant.
553 4061 591 4132 Si
631 4071 791 4130 naturam
828 4059 960 4129 succini
995 4058 1139 4127 admoto
1175 4061 1257 4152 igne

167 4185 294 4258 tentes,
323 4179 358 4246 iu
385 4180 530 4248 modum
560 4177 651 4248 tedae
680 4177 893 4259 accenditur,
919 4174 1053 4266 alitque
1078 4174 1258 4245 flammam

166 4295 335 4387 pinguem
365 4302 401 4365 et
431 4295 611 4365 olentem:
647 4317 731 4363 mox
765 4302 805 4363 ut
837 4295 874 4362 in
907 4293 1023 4385 picem
1059 4294 1257 4363 resinamve

168 4410 342 4482 lentescit.
396 4412 588 4483 Suionibus
627 4409 795 4482 Sitonum
829 4419 955 4504 gentes
989 4411 1255 4484 continuantur.

168 4528 298 4599 Cetera
314 4528 456 4612 similes,
474 4554 546 4600 uno
563 4526 740 4610 differunt,
758 4523 855 4620 quod
874 4526 1007 4597 femina
1022 4527 1225 4598 dominatur
1235 4521 1259 4598 :⁶

166 4646 203 4715 in
222 4657 362 4716 tantum
389 4670 460 4716 non
477 4643 584 4717 modo
602 4670 623 4716 a
640 4646 816 4728 libertate,
835 4645 896 4714 scd
919 4646 1029 4716 etiem
1047 4668 1069 4716 a
1086 4645 1259 4716 servitute

168 4763 394 4857 degenerant.
450 4758 523 4834 Hic
541 4746 681 4833 Suesia)
696 4762 787 4832 finis.
