2858 5310
176 767 327 838 lxxxviii
457 782 534 834 rus
556 780 736 835 canuam
760 782 808 837 ou
832 782 997 838 memus.

177 946 218 1010 ab
236 944 455 1009 Helvetiorum
470 951 503 1008 et
519 943 688 1008 Nemetum
708 952 740 1009 et
757 944 971 1010 Rauracorum
989 943 1111 1022 finibus,
1127 954 1276 1031 rectaque

177 1045 313 1111 fluminis
345 1044 484 1109 Danubii
522 1044 646 1130 regione
686 1045 820 1130 pertinet
859 1046 902 1110 ad
942 1043 1018 1111 fines
1047 1047 1208 1112 Dacorum
1241 1054 1274 1110 et

180 1145 369 1213 Anartium:
401 1145 475 1210 hinc
499 1168 532 1210 se
562 1143 662 1210 flectit
691 1147 895 1222 sinistrorsus,
923 1146 1052 1212 diversis
1080 1148 1121 1212 ab
1149 1145 1277 1211 flumine

180 1246 366 1332 regionibus,
381 1248 611 1332 multarumque
627 1247 768 1332 gentium
783 1244 861 1313 fines
882 1255 1008 1333 propter
1026 1247 1277 1333 magnitudinem

181 1347 337 1432 adtingit;
369 1370 469 1430 neque
491 1348 652 1431 quisquam
684 1355 731 1413 est
756 1345 849 1434 hujus
873 1347 1058 1425 Germanice,
1084 1349 1137 1433 qui
1163 1370 1197 1413 se
1221 1356 1279 1413 aut

182 1448 284 1515 adisse
307 1447 349 1511 ad
370 1447 496 1512 initium
513 1444 581 1534 ejus
600 1448 685 1513 silvae
704 1448 799 1525 dicat,
816 1471 911 1534 quum
929 1448 1049 1513 dierum
1064 1448 1125 1513 iter
1139 1471 1192 1512 ux.
1208 1471 1280 1534 pro-

184 1548 320 1624 cesserit,
349 1557 405 1613 nut
431 1571 491 1632 quo
519 1572 559 1613 ex
584 1549 649 1613 loco
675 1549 803 1623 oriatur,
829 1549 993 1634 acceperit.
1047 1549 1153 1614 Multa
1181 1549 1215 1613 in
1240 1570 1280 1613 ea

183 1671 298 1735 genera
322 1648 457 1713 ferarum
478 1651 564 1713 nasci
590 1657 722 1727 constat,
738 1672 807 1734 quae
832 1649 956 1734 reliquis
982 1649 1014 1712 iu
1038 1649 1113 1715 locis
1127 1649 1195 1714 visa
1216 1670 1280 1713 non

185 1750 268 1814 sint:
293 1772 334 1813 ex
348 1749 460 1833 quibus
474 1772 542 1832 quae
562 1751 698 1814 maxime
724 1749 868 1815 differant
890 1750 931 1814 ab
946 1749 1057 1815 ceteris
1074 1758 1106 1814 et
1121 1749 1279 1814 memoriae

186 1848 347 1936 prodenda
362 1850 537 1928 videantur,
552 1850 620 1914 haec
636 1857 719 1916 sunt.

231 1949 371 2014 XXVI.
396 1949 456 2014 Est
481 1951 538 2016 bos
559 1952 642 2016 cervi
664 1948 773 2036 figura,
797 1949 885 2037 eujus
908 1975 928 2015 a
949 1950 1054 2015 media
1074 1950 1176 2014 fronte
1199 1950 1281 2015 inter

185 2073 277 2115 aures
301 2073 400 2115 unum
427 2073 523 2116 comu
548 2051 683 2127 exsistit,
699 2052 850 2117 excelsius
871 2051 1029 2137 magisque
1051 2050 1205 2115 directum
1220 2051 1281 2128 his,

186 2173 255 2235 quae
271 2150 359 2216 uobis
373 2159 449 2216 nota
464 2159 545 2228 suut,
562 2152 715 2218 cornibus.
760 2152 815 2216 Ab
831 2150 897 2238 ejus
911 2174 1041 2229 summo,
1059 2151 1140 2215 sicut
1155 2151 1279 2236 palmae,

186 2252 266 2316 rami
283 2273 376 2336 quam
401 2253 465 2316 late
488 2252 715 2318 diffunduntur.
760 2252 882 2316 Eadem
908 2260 955 2316 est
978 2252 1099 2316 feminae
1127 2251 1282 2336 marisque

186 2360 309 2430 natura,
327 2353 436 2417 eadem
451 2352 550 2417 forma
566 2353 808 2440 magnitudoque
823 2375 983 2417 cornuum.

233 2452 393 2519 XXVII.
421 2452 502 2518 Sunt
539 2454 626 2533 item,
663 2477 731 2539 quaa
764 2453 961 2539 adpellantur
994 2453 1088 2518 alces.
1157 2452 1283 2518 Harum

188 2560 238 2618 est
265 2554 432 2620 consimilis
459 2554 577 2640 capreis
599 2552 699 2640 figura
724 2563 757 2620 et
784 2554 918 2620 varietas
945 2553 1092 2639 pellium
1117 2553 1174 2617 sed
1196 2576 1283 2639 mag·

187 2652 330 2717 nitudine
347 2654 451 2739 paullo
466 2656 654 2720 antecedunt
673 2655 852 2739 mutilaeque
875 2663 948 2719 sunt
974 2654 1118 2719 cornibus
1139 2661 1171 2718 et
1194 2676 1284 2719 crura

188 2753 253 2818 sine
268 2752 357 2819 nodis
372 2754 570 2838 articulisque
590 2755 731 2828 habent;
759 2778 858 2839 neque
884 2754 996 2841 quietis
1017 2776 1126 2819 caussa
1141 2777 1284 2839 procum·

188 2853 278 2929 bunt,
294 2876 405 2938 neque,
422 2854 447 2918 si
463 2877 522 2937 quo
538 2852 673 2918 adflictae
694 2879 767 2920 casu
789 2855 990 2933 conciderint,
1007 2854 1124 2940 erigere
1144 2877 1210 2920 sese
1227 2862 1282 2919 aut

189 2953 351 3018 sublevare
375 2961 513 3038 possunt.
561 2954 622 3019 His
641 2963 715 3020 sunt
735 2956 860 3020 arbores
886 2980 941 3043 pro
964 2955 1136 3021 cubilibus:
1164 2954 1206 3019 ad
1230 2977 1283 3021 eas

187 3075 222 3119 se
253 3052 422 3138 adplicant,
454 3063 547 3139 atque
579 3055 632 3131 ita,
658 3055 797 3141 paullum
830 3056 924 3121 modo
952 3056 1120 3130 recIInatae,
1148 3055 1283 3139 quietem

189 3152 338 3238 capiunt:
377 3177 508 3237 quarum
540 3177 580 3219 ex
611 3156 750 3241 vestigiis
779 3180 874 3240 quum
904 3164 951 3221 est
981 3155 1232 3220 animadversum
1263 3178 1284 3221 a

189 3254 399 3331 venatoribus,
417 3279 477 3339 quo
493 3278 526 3319 se
549 3256 684 3341 recipere
703 3259 888 3334 consuerint,
908 3279 1015 3322 omnes
1036 3257 1156 3320 cnloco
1172 3263 1227 3319 aut
1242 3256 1284 3321 ab

188 3353 345 3421 radicibus
367 3357 530 3435 subruunt,
554 3365 609 3421 aut
628 3357 775 3422 accidunt
800 3358 925 3422 arbores
949 3365 1084 3434 tantum,
1102 3364 1138 3421 ut
1163 3378 1285 3421 summa

189 3458 306 3540 species
331 3479 438 3521 earum
463 3458 615 3522 stantium
640 3458 841 3543 relinquatur.
887 3458 962 3522 Huc
987 3481 1083 3542 quum
1108 3479 1141 3522 se
1157 3479 1284 3522 consue·

189 3554 299 3621 tudine
315 3558 542 3635 reclinaverint,
560 3556 697 3624 infirmas
717 3560 842 3625 arbores
861 3558 996 3645 pondere
1016 3555 1169 3642 adfligunt
1188 3565 1283 3642 atque

189 3678 253 3720 una
266 3657 341 3741 ipsa
356 3657 534 3722 concidunt.

235 3756 414 3821 XXVIII.
441 3757 583 3823 Tertium
603 3767 650 3824 est
670 3782 768 3845 genus
788 3783 905 3835 eorum,
922 3761 974 3845 qui
999 3761 1047 3823 uri
1072 3758 1281 3844 adpellantur.

192 3855 238 3920 Hi
253 3865 326 3922 sunt
341 3859 556 3943 magnitudine
572 3860 674 3944 paullo
692 3860 772 3925 infra
786 3861 986 3946 elephantos3
1015 3859 1116 3944 specie
1131 3866 1163 3923 ct
1180 3858 1281 3936 colore

191 3963 223 4020 et
255 3955 355 4043 figura
387 3959 481 4024 tauri.
542 3961 661 4046 Magna
691 3962 739 4026 vis
766 3984 873 4027 corum
902 3969 934 4025 et
965 3983 1081 4045 magna
1108 3959 1278 4025 velocitas:

189 4078 289 4141 neque
304 4059 432 4137 homini,
449 4082 547 4145 neque
565 4060 647 4138 ferae,
664 4086 757 4145 quam
779 4061 1006 4147 conspexerint,
1022 4067 1164 4146 parcunt.
1210 4059 1281 4125 Hos

188 4158 326 4224 studiose
356 4159 452 4225 foveis
481 4170 589 4246 captos
618 4160 816 4227 interficiunt.
869 4162 941 4227 Hoc
972 4185 1004 4227 se
1033 4161 1138 4225 labore
1165 4159 1279 4224 durant

188 4257 329 4324 homines
350 4258 561 4326 adolescentes
579 4269 672 4346 atque
694 4265 754 4326 hoc
778 4286 889 4349 genere
915 4262 1087 4327 venationis
1112 4268 1278 4333 exercent,

187 4365 230 4435 et,
255 4359 307 4443 qui
336 4359 485 4443 plurimos
513 4382 554 4425 ex
583 4362 631 4427 his
661 4363 890 4440 interfecerunt,
922 4363 1027 4427 relatis
1058 4362 1090 4426 in
1121 4361 1280 4447 publicum

187 4459 339 4535 comibus,
356 4481 424 4544 quae
448 4459 511 4525 sint
531 4462 719 4538 testimonio,
735 4485 880 4549 magnam
906 4464 1009 4528 ferunt
1034 4462 1169 4526 laudem.
1215 4460 1280 4525 Sed

184 4558 366 4626 adsuescere
395 4559 436 4625 ad
465 4559 605 4626 homines
634 4570 666 4626 et
698 4562 900 4641 mansuefieri,
931 4587 969 4628 ne
1002 4562 1123 4648 parvuli
1151 4561 1278 4645 quidem

184 4661 318 4746 excepti,
344 4667 482 4746 possunt.
527 4661 714 4747 Amplitudo
741 4685 888 4727 cornuum
918 4672 949 4729 et
979 4662 1077 4749 figura
1100 4670 1132 4726 ct
1159 4661 1279 4747 species

181 4762 316 4829 multum
342 4784 363 4829 a
385 4768 561 4831 nostrorum
588 4763 680 4829 boum
706 4764 850 4831 cornibus
873 4765 987 4831 differt.
1033 4763 1113 4828 Haec
1137 4762 1279 4829 studiose

79 4856 150 5004 ἱ
