2886 5378
181 818 288 887 cxxvi
457 834 534 890 'rna
559 834 740 891 onnurnr
767 835 815 892 οι
839 835 1005 894 uncrrus.

182 989 311 1072 μεταξὺ
334 993 392 1072 τῆς
414 988 588 1071 θαλάττης
614 990 671 1057 καὶ
694 993 759 1056 τῶν
784 990 872 1058 ἑάων
900 997 1074 1079 Γερμανῶν
1101 993 1279 1083 ἱδρυμενόν·

180 1094 287 1157 Τοῦτο
304 1091 339 1157 δὲ
354 1093 391 1159 τὸ
408 1091 488 1159 αὐτὸ
514 1092 666 1175 ἀγνόημα
680 1093 737 1159 καὶ
752 1096 830 1180 περὶ
852 1098 920 1160 τῶν
932 1095 1049 1163 ἄλλων
1072 1102 1137 1166 τῶν
1161 1101 1279 1188 ἐφεξῆς

181 1196 420 1284 προσαρκτίων
434 1196 560 1279 ἔλεγεν.
605 1198 692 1263 Οὔτε
705 1196 770 1283 γὰρ
795 1197 871 1268 τοὺς
888 1200 1089 1286 Βαστάρνας,
1106 1203 1182 1268 οὔτε
1203 1207 1279 1277 τοὺς

182 1300 408 1385 Σαυρομάτας,
434 1301 491 1365 καὶ
517 1301 635 1373 ἁπλῶς
655 1301 731 1371 τοὺς
769 1300 850 1386 ὑπὲρ
875 1306 934 1367 τοῦ
954 1302 1082 1370 Πόντου
1108 1305 1279 1381 οἰκοῦντας

182 1403 288 1486 ἴσμεν,
305 1403 374 1469 οὔθ’
390 1403 517 1469 ὁπόσον
531 1403 699 1492 ἀπέχουσι
716 1408 773 1484 τῆς
788 1402 994 1487 Ἀτλαντικῆς
1013 1406 1195 1489 θαλάττης,
1212 1411 1278 1477 οὔτ’

183 1505 213 1572 εἰ
228 1507 458 1574 συνάπτουσιν
474 1507 508 1573 ἐν
523 1507 618 1593 αὐτῇ.

231 1751 246 1833 ᾗ
266 1773 346 1815 ΧΧΙΙ.
375 1773 483 1814 NOTICE
505 1774 543 1813 01·
564 1773 716 1815 GERMANY
740 1773 821 1813 FROM
847 1773 1020 1817 POMPONIUS
1043 1779 1137 1833 MEM,
1165 1781 1210 1822 111.

224 1903 270 1968 II.
297 1904 436 1982 Rhenus,
452 1903 492 1967 ab
509 1903 644 1988 Alpibus
661 1900 815 1977 decidens,
832 1924 928 1986 prope
945 1926 965 1966 a
979 1904 1081 1988 capite
1100 1906 1178 1972 duos
1193 1908 1277 1975 lacus

180 2003 285 2082 efficit,
310 2005 470 2069 Venetum
499 2011 531 2067 et
555 2002 739 2067 Acronium.
788 2003 867 2065 Mox
896 2002 949 2067 diu
979 2005 1108 2081 solidus,
1129 2016 1160 2070 et
1191 2019 1275 2075 certo

180 2105 270 2170 alveo
285 2105 400 2191 lapsus,
413 2104 499 2168 haud
514 2103 620 2188 procul
635 2125 655 2166 a
669 2103 748 2167 mari
764 2103 825 2167 huc
846 2111 877 2167 et
893 2103 968 2168 illue
983 2104 1192 2191 dispergitu13
1219 2113 1273 2176 sed

180 2207 222 2271 ad
239 2206 397 2273 sinistram
412 2205 514 2271 amnis
540 2205 637 2269 etiarn
660 2212 738 2280 tum,
754 2210 787 2266 et-
805 2202 904 2268 donec
927 2202 1043 2283 effluat,
1060 2207 1208 2284 Rhenus;
1232 2212 1286 2285 ad,

179 2306 325 2372 dextram
350 2306 450 2392 primo
476 2313 626 2391 angustus
652 2312 685 2367 et
712 2304 760 2369 sui
786 2303 903 2383 similis,
923 2314 995 2391 post
1020 2307 1095 2393 ripis
1120 2307 1210 2395 longe
1236 2336 1272 2377 ac

179 2406 243 2473 late
260 2407 508 2483 recendentibus,
521 2404 591 2493 jam
606 2427 667 2469 non
686 2404 787 2469 amnis
808 2405 863 2469 sed
879 2405 987 2491 ingens
1008 2406 1103 2486 lacus,
1122 2410 1174 2475 ubi
1190 2435 1272 2476 carn

179 2531 236 2593 pos
267 2509 419 2594 implevit,
448 2507 546 2572 Flavo
574 2505 705 2570 dicitur:
745 2503 943 2591 ejusdemque
975 2509 1108 2575 nominis
1140 2511 1271 2579 insulam

178 2609 353 2694 amplexus,
371 2607 405 2672 lit
421 2608 534 2673 iterum
550 2607 674 2682 arctior,
691 2606 864 2691 iterumque
879 2605 991 2673 fluvius
1006 2610 1171 2676 emittitur.

222 2709 289 2774 ΙΙΙ.
314 2708 483 2772 Germania
506 2707 579 2772 hinc
599 2706 674 2792 ripis
701 2703 767 2791 ejus
792 2729 888 2790 usque
912 2708 953 2771 ad
973 2710 1081 2794 Alpes,
1101 2734 1121 2775 a
1141 2715 1270 2779 meridie

178 2806 254 2893 ipsis
271 2808 417 2893 Alpibus,
433 2809 473 2872 ab
491 2807 611 2872 oriente
634 2806 879 2871 Sarmaticarum
894 2806 1026 2873 confinio
1042 2812 1194 2896 gentium,
1210 2839 1271 2899 qua

177 2908 419 2992 septentrionem
458 2915 591 2992 spectat,
621 2906 765 2970 oceanico
809 2905 898 2970 litore
937 2909 1074 2974 obducta
1105 2921 1163 2977 est.
1209 2917 1269 2997 Qui

175 3006 332 3085 habitant,
348 3008 500 3072 immanes
518 3014 591 3070 sunt
605 3005 717 3069 animis
729 3014 823 3088 atque
834 3008 1020 3091 corporibus,
1040 3018 1073 3073 et
1089 3012 1130 3075 ad
1145 3014 1270 3079 insitam

176 3107 333 3172 feritatem
351 3115 437 3172 vaste
454 3116 585 3188 utraque
600 3112 757 3182 exercent,
775 3104 920 3170 bellando
936 3108 1066 3186 animos,
1084 3134 1214 3197 corpora
1228 3116 1269 3179 ad

177 3206 431 3273 consuetudinem
448 3206 598 3280 laborum,
615 3204 752 3268 maxime
769 3204 900 3290 frigoris.
954 3206 1038 3273 Nudi
1054 3220 1162 3296 agunt,
1181 3223 1266 3279 ante·

176 3330 272 3393 quum
289 3308 421 3393 puberes
436 3307 521 3380 sint3
546 3313 579 3369 et
603 3305 783 3390 longissima
797 3305 881 3392 apud
906 3329 957 3371 eos
972 3311 1106 3393 pueritia
1121 3321 1186 3378 est:
1211 3316 1268 3380 viri

176 3409 258 3495 sagis
282 3410 434 3483 uelantur,
464 3415 520 3473 ant
551 3405 637 3471 libris
674 3406 829 3483 arborum,
863 3409 1004 3490 quamvis
1035 3433 1118 3476 saeva
1156 3414 1267 3479 hieme.

177 3508 282 3574 Nandi
306 3531 368 3574 non
386 3507 539 3594 patientia
554 3513 679 3570 tantum
703 3505 773 3581 illis,
791 3506 928 3571 studium
952 3510 1048 3574 etiam
1071 3521 1129 3579 est.
1181 3515 1270 3580 Bella

176 3632 248 3673 cum
274 3607 413 3673 finitimis
439 3620 572 3695 gerunt:
598 3629 707 3670 causas
731 3629 839 3671 corum
867 3631 907 3672 ex
935 3609 1063 3675 libidine
1088 3625 1266 3691 arcessunt3

176 3732 276 3792 neque
294 3708 492 3794 imperitandi
509 3706 755 3793 prolatandique‚
775 3730 842 3790 quae
864 3710 1024 3792 possident
1052 3706 1138 3794 (nam
1162 3717 1269 3781 ncilla

176 3810 302 3893 quidem
325 3809 416 3872 enixe
438 3809 571 3890 colunt),
594 3807 649 3871 sed
672 3815 719 3883 nt,
743 3808 825 3871 circa
846 3808 929 3893 ipsos
952 3834 1021 3894 quae
1037 3810 1156 3897 jacent,
1179 3827 1268 3881 rasta

174 3910 248 3974 sint.
299 3907 361 3973 Jus
382 3909 414 3973 in
443 3908 560 3973 viribus
585 3906 711 3985 habent,
744 3906 822 3971 adeo
844 3916 881 3972 ut
906 3933 945 3974 ne
968 3911 1120 3977 latrocinii
1143 3916 1268 3999 quidem

176 4010 313 4094 pudeat;
338 4018 462 4073 tanturn
480 4007 654 4092 hospitibus
674 4007 757 4081 boni,
772 4007 924 4092 mitesque
944 4013 1154 4097 supplicibus:
1179 4017 1265 4082 victu

174 4109 219 4173 ita
248 4096 347 4194 asperi
378 4108 558 4191 incultique,
586 4114 622 4170 ut
652 4105 749 4171 cruda
773 4108 868 4173 etiam
894 4133 988 4175 carne
1012 4124 1185 4192 vescantur,
1212 4125 1268 4181 aut

173 4210 300 4287 recenti,
335 4217 391 4274 ant
425 4231 497 4272 curn
525 4208 678 4293 rigentem
720 4207 752 4270 in
783 4209 858 4292 ipsis
889 4212 1043 4296 pecudum
1073 4214 1268 4299 ferarumque

172 4310 274 4387 coriis,
306 4309 450 4374 manibus
481 4308 671 4393 pedibusque
704 4308 886 4393 subigendo,
918 4322 1117 4379 renovarunt.
1169 4316 1266 4380 Terra

173 4409 241 4496 ipsa
266 4409 373 4474 multis
394 4408 546 4493 impedita
567 4404 755 4483 fluminibus,
779 4409 887 4474 multis
908 4411 1068 4478 montibus
1090 4437 1208 4499 aspera,
1233 4425 1265 4480 et

173 4532 288 4596 magua
302 4532 341 4573 ex
359 4517 449 4594 parte
464 4508 549 4573 silvis
571 4529 608 4571 ac
630 4506 795 4591 paludibus
811 4507 904 4573 invia.
958 4510 1125 4589 Paludum,
1145 4514 1264 4594 Suesia,

174 4610 275 4686 Estia,
291 4617 324 4673 et
342 4608 539 4693 Melsiagum,
555 4607 715 4672 maxima:
739 4606 898 4687 silvarum,
915 4609 1086 4696 Hercynia,
1103 4624 1135 4679 et
1148 4616 1266 4699 aliquot

174 4719 257 4786 sunt,
274 4732 344 4794 quae
362 4731 474 4773 nomen
490 4709 624 4773 babent:
651 4706 707 4771 sed
737 4706 792 4772 illa
812 4707 932 4776 dierum
956 4714 1120 4797 sexaginta
1134 4716 1194 4781 iter
1216 4741 1266 4781 oc·

172 4833 298 4897 eupans,
328 4819 365 4874 ut
394 4808 493 4895 major
521 4809 601 4884 aliis,
632 4808 679 4872 ita
708 4814 741 4871 et
770 4810 881 4876 notior.
935 4811 1094 4879 Montium
1123 4817 1267 4884 altissimi
