2886 5378
167 771 217 818 Π
438 761 517 817 mu
537 762 721 816 (imm
745 761 795 816 Ol*
816 763 985 818 ments.

170 919 254 986 nude
287 920 461 1007 digreaeum
497 922 639 999 fecimus
674 924 848 991 redeamus
877 927 1105 1010 doceamque
1136 923 1271 1009 qmndo

170 1022 249 1086 ordo
261 1023 376 1107 gentis,
389 1022 474 1087 unde
486 1024 618 1109 agimus,
633 1047 742 1090 cursus
754 1026 802 1090 mi
816 1037 934 1091 metam
947 1025 1130 1112 expleuerit.
1164 1025 1271 1089 Abla-

172 1124 243 1187 rins
266 1124 349 1187 enim
369 1123 535 1188 historicus
556 1125 662 1199 refert.¹
677 1128 751 1210 quia
769 1128 813 1190 rbi
833 1151 926 1212 snper
940 1128 1070 1191 limbum
1086 1125 1194 1195 Ponti.
1210 1124 1272 1190 ubi

174 1246 229 1287 eoa
251 1222 390 1288 diximus
412 1225 445 1287 in
470 1225 604 1309 Scythia
625 1248 833 1300 commanere,
853 1250 927 1312 pars
951 1250 1069 1297 eorum,
1085 1227 1139 1310 qui
1162 1224 1271 1290 orien-

174 1323 271 1388 talem
292 1323 418 1409 plagam
436 1325 598 1397 tenebant,
616 1325 720 1410 eisque
742 1339 872 1411 praerat
888 1328 1080 1414 ostrogotha
1095 1327 1272 1407 (incertum

175 1434 283 1488 utrum
304 1424 346 1488 ab
360 1424 457 1510 ipsius
469 1426 604 1501 nomine,
618 1449 660 1490 an
673 1450 694 1490 a
708 1428 776 1491 loco
789 1429 949 1505 orientali)
966 1429 1044 1492 dicti
1060 1436 1133 1492 sunt
1156 1425 1273 1490 Ostro-

175 1525 295 1611 gothae,
310 1525 426 1589 residui
440 1548 515 1591 vero
532 1526 734 1612 Woeegotha
748 1528 780 1591 in
795 1538 885 1613 parte
897 1528 1038 1593 occidua.
1082 1526 1126 1590 Et
1140 1526 1273 1610 quidem

170 1624 241 1711 jam
255 1626 401 1700 diximus,
416 1648 470 1691 eos
482 1625 615 1690 tmnsito
629 1627 777 1692 Danubio
797 1629 991 1713 aliquantum
1013 1628 1163 1713 temporis
1182 1625 1274 1713 apud

181 1726 336 1804 Muciam,
351 1725 582 1862 Q
594 1728 742 1863 sirim*

223 1926 279 1991 Ab
302 1926 376 1991 hinc
399 1950 484 2013 ergo,
498 1936 535 1992 ut
558 1926 748 2003 dicebamus,
764 1936 836 2015 pust
856 1930 982 2015 longam
1002 1926 1194 1993 obsidionem
1214 1948 1273 1991 ac-

179 2036 271 2113 cepto
286 2027 413 2113 praemio
427 2028 547 2092 ditatus
560 2027 654 2104 Geta
669 2030 794 2094 recessit
808 2029 851 2093 ad
867 2031 1011 2115 patriam.
1056 2029 1156 2110 Quem
1174 2027 1276 2112 Gepi-

181 2128 291 2192 damm
325 2151 455 2193 cernens
486 2129 574 2192 natio
608 2128 713 2193 subito
740 2130 854 2213 ubique
882 2130 1068 2197 sincentem.
1098 2127 1277 2214 pretiisque

179 2228 327 2304 ditatum,
341 2228 460 2292 invidia
472 2227 595 2305 duetus
610 2251 699 2292 anna
720 2230 752 2293 in
775 2237 920 2315 parentes
941 2240 1058 2294 moret.
1107 2227 1277 2309 Quomodo

180 2352 254 2393 vero
279 2328 370 2393 Getae
394 2328 585 2415 (lepidaque
606 2329 668 2392 sint
692 2340 836 2414 parentes
856 2331 883 2395 si
904 2332 1029 2414 qnaeris
1046 2329 1153 2415 paneis
1168 2328 1275 2391 absol-

181 2453 263 2493 ram.
317 2429 498 2494 Meminisse
514 2429 618 2506 deboe,
635 2452 686 2493 me
700 2430 789 2494 initio
803 2430 843 2494 de
867 2430 1005 2494 Stantia
1026 2429 1133 2494 insula
1151 2429 1276 2512 gremio

182 2530 305 2594 Gothos
327 2529 443 2595 dixiaee
468 2552 606 2615 egmmos
627 2553 698 2594 cum
722 2529 836 2594 Berich
858 2553 915 2594 sno
935 2553 1016 2614 rege,
1032 2530 1132 2594 tribus
1146 2536 1274 2593 tantum

182 2630 314 2694 naribus
328 2640 434 2694 vectos
447 2630 489 2694 ad
503 2631 654 2695 citerioris
668 2630 786 2695 Oceani
799 2631 899 2716 ripam
912 2657 922 2703 ς
945 2653 1074 2714 quarum
1095 2630 1189 2694 trium
1206 2651 1276 2693 una

182 2731 280 2807 naris,
307 2740 343 2794 nt
366 2730 489 2808 assolet,
511 2731 632 2795 tardius
653 2742 754 2797 recta.
775 2754 888 2795 nomen
910 2732 996 2816 genti
1013 2731 1111 2794 fertur
1124 2728 1272 2803 dedisse;

183 2853 255 2894 nam
279 2829 386 2916 lingua
410 2854 517 2895 eorum
538 2831 627 2916 pigra
652 2833 792 2918 Geposta
807 2831 932 2895 dieitur.
976 2830 1063 2894 Hine
1076 2830 1195 2894 factum
1210 2837 1273 2905 est,

183 2939 220 2994 nt
250 2931 412 3015 paullatim
436 2939 469 2994 et
496 2940 640 3015 corrupte
667 2954 779 2996 nomen
804 2933 850 2996 eis
867 2954 909 2996 ex
926 2931 1062 2995 convitio
1080 2938 1273 2994 nasceretur.

184 3029 314 3114 Gepida
328 3052 461 3114 namque
475 3030 540 3094 sine
555 3030 651 3093 dnbio
663 3054 704 3094 ex
718 3030 892 3095 Gothorum
908 3031 1050 3117 prosapia
1071 3030 1189 3094 ducunt
1210 3030 1275 3094 ori·

182 3131 305 3216 ginem:
330 3131 385 3194 sed
400 3131 481 3213 qnia,
498 3138 533 3193 ut
548 3130 625 3204 dixi,
639 3130 784 3216 Gepanta
804 3133 927 3216 pigrum
947 3131 1064 3215 aliquid
1086 3130 1276 3212 tardumque

183 3232 296 3316 signat,
319 3253 376 3315 pro
398 3229 536 3315 gratuito
556 3231 691 3294 convitio
714 3231 904 3315 Gepidarnm
926 3254 1038 3296 nornen
1053 3241 1195 3295 exortum
1212 3239 1276 3303 est,

184 3330 266 3416 quod
291 3353 348 3394 neo
372 3330 495 3416 ipsnm3
533 3331 626 3394 credo
651 3331 859 3400 falsissimum.
911 3330 992 3396 Sunt
1017 3333 1099 3396 enim
1127 3329 1278 3396 tardioris

184 3431 307 3517 ingenii,
322 3432 479 3517 graviores
490 3454 653 3516 corporum
667 3431 843 3496 velocitate.
887 3432 933 3495 Hi
948 3454 1022 3517 ergo
1044 3430 1173 3516 Gepida
1194 3431 1275 3495 tacti

184 3533 311 3611 invidia,
342 3531 460 3596 dudum
491 3541 597 3616 spreta
627 3532 795 3616 provincia,
827 3533 1064 3596 commanebant
1101 3532 1134 3595 in
1170 3530 1276 3595 insula

185 3632 301 3698 Visclae
328 3632 429 3696 amnis
452 3632 541 3697 vadis
567 3632 764 3710 circumacta,
794 3655 887 3716 quam
913 3655 969 3717 pro
1001 3632 1102 3717 patrio
1132 3653 1278 3696 sermone

184 3733 329 3797 dicebant
345 3732 494 3816 Gepidos.
538 3731 629 3795 Nunc
650 3755 730 3809 eam,
745 3745 782 3796 ut
803 3734 912 3808 fertur,
935 3732 1067 3797 insulam
1090 3754 1166 3818 gens
1182 3730 1278 3795 Vivi-

184 3833 272 3898 daria
293 3833 410 3910 incolit,
432 3831 507 3918 ipsis
527 3831 568 3895 ad
590 3833 731 3897 meliores
752 3841 851 3897 terras
874 3833 1059 3898 meantibus.
1104 3832 1165 3914 Qui
1183 3829 1276 3896 vivi-

185 3933 264 3998 darii
279 3956 319 3998 ex
337 3933 466 3998 diversis
479 3932 657 3998 nationibus
670 3933 733 3997 acsi
749 3932 781 3996 in
795 3956 891 3997 unum
905 3933 1028 4019 asylum
1047 3932 1168 3998 collecti
1188 3939 1276 4009 sunt,

185 4043 216 4097 ot
229 4044 355 4119 gentem
370 4032 478 4098 fecisse
491 4040 671 4098 noscuntur.

367 4128 390 4168 e
543 4127 566 4167 r
718 4128 741 4168 e
893 4129 915 4168 a
1066 4128 1089 4168 a

893 1824 916 1864 ¹}
1066 1824 1090 1863 ἱ

228 4232 403 4296 Gothorum
433 4253 504 4316 rege
530 4232 682 4297 Geberich
710 4234 802 4298 rebus
830 4233 1000 4297 excedente
1024 4232 1179 4306 humanis,
1202 4242 1275 4318 post

185 4333 333 4416 temporis
362 4329 487 4416 aliquod
522 4331 743 4398 Hermanricus
773 4332 980 4398 nobilissimus
1011 4333 1205 4407 Amalorurn,
1241 4333 1275 4398 in

185 4455 280 4517 regno
301 4433 468 4496 suecessit:
493 4432 544 4515 qui
562 4432 677 4496 multas
698 4441 730 4496 et
753 4433 998 4499 bellicosissimas
1020 4442 1142 4497 arctoas
1165 4442 1277 4518 gentes

187 4532 372 4617 perdomnit,
389 4531 511 4615 suisque
525 4555 633 4616 parere
659 4533 777 4616 legibus
801 4533 884 4597 feeit.
936 4535 1035 4616 Quem
1061 4534 1171 4596 merito
1197 4556 1276 4596 non-

186 4632 260 4696 nulli
276 4632 457 4696 Alexandro
473 4631 592 4718 Magno
607 4655 819 4717 comparavere
834 4631 975 4719 majores.
1020 4632 1169 4698 Habebat
1182 4633 1277 4716 siqui-

187 4734 257 4797 dem
286 4756 362 4816 qnos
390 4732 561 4810 domuerat,
591 4733 724 4809 Gothos,
755 4733 900 4818 Scythas,
932 4733 1081 4810 Thaidos,
1113 4733 1275 4808 lnaunxis,
