2886 5378
579 839 861 897 narnneouaus.
1224 829 1262 897 xi

167 1004 277 1070 Hister
291 1005 390 1070 oritur
404 1004 515 1080 amnis,
532 1004 580 1068 vel
595 1011 740 1090 stagnum
757 1002 908 1068 dilatatur
923 1003 1115 1089 Mysianum,
1132 1006 1264 1072 tendens

167 1130 263 1190 usque
289 1107 330 1170 ad
362 1103 491 1171 llumina
519 1104 647 1191 Tyrum,
680 1105 884 1180 Danastrum,
909 1114 940 1168 et
966 1105 1168 1190 Vagosolam‚
1196 1129 1265 1172 ma-

168 1230 326 1292 gnumque
355 1207 442 1271 illum
468 1205 660 1280 Danubium,
685 1205 883 1290 Taurumque
916 1215 1065 1282 montem,
1092 1229 1153 1271 non
1176 1207 1263 1272 illum

169 1308 263 1385 Asiae,
280 1306 334 1371 sed
350 1307 519 1392 proprium,
535 1305 567 1371 id
584 1314 631 1369 est
648 1305 843 1391 Scythicum,
872 1328 928 1390 per
951 1329 1075 1371 omnem
1105 1307 1264 1375 Maeotidis

168 1408 331 1486 ambitum,
347 1408 490 1491 ultraque
517 1405 681 1482 Maeotida,
698 1429 753 1491 per
767 1405 926 1491 angustias
949 1405 1079 1492 Bospori
1105 1430 1200 1492 usque
1222 1410 1263 1474 ad

169 1508 342 1573 Caucasum
368 1515 516 1582 montem,
540 1528 724 1591 amnemque
740 1507 901 1572 Araxem:
938 1530 975 1572 ac
999 1507 1111 1573 deinde
1136 1509 1168 1573 in
1191 1510 1263 1575 sini-

169 1619 267 1674 stram
295 1617 415 1694 partem
439 1605 565 1683 reflexa,
588 1614 660 1693 post
683 1629 768 1671 mare
793 1606 950 1692 Caspium,
967 1631 1035 1692 quae
1059 1608 1091 1672 in
1115 1612 1264 1678 extremis

169 1710 255 1775 Asiae
277 1707 389 1774 finibus
413 1709 454 1774 ab
477 1707 603 1772 Oceano
625 1706 815 1784 Euroboreo‚
838 1707 869 1771 in
884 1708 1012 1773 modum
1027 1709 1113 1794 fungi
1129 1710 1264 1795 primum

169 1811 281 1884 tenuis,
298 1817 368 1896 post
385 1808 451 1874 haec
467 1808 620 1873 latissima
640 1815 672 1872 et
692 1807 828 1873 rotunda
847 1807 946 1873 forma
970 1809 1119 1888 exoritur,
1134 1833 1265 1896 vergens

168 1911 209 1976 ad
225 1911 370 1986 Hunnos,
387 1909 537 1985 Albanos,
551 1916 583 1972 et
600 1908 691 1974 Seres
705 1930 800 1992 usque
814 1907 997 1994 digreditur.
1044 1910 1122 1974 Haec
1136 1911 1263 1994 inquam

169 2011 281 2096 patria,
312 2010 344 2075 id
374 2019 422 2075 est
449 2008 589 2095 Scythia,
621 2009 711 2093 longe
741 2031 774 2074 se
801 2008 942 2083 tendens,
967 2008 1090 2095 lateque
1112 2012 1262 2096 aperiens,

170 2112 265 2175 habet
288 2113 328 2175 ab
350 2110 469 2174 oriente
495 2110 596 2182 Seres,
619 2108 651 2172 in
674 2109 741 2194 ipso
762 2109 810 2174 sui
833 2109 983 2194 principio
1005 2110 1046 2174 ad
1068 2110 1143 2176 litus
1158 2111 1263 2196 Caspii

170 2211 265 2277 maris
284 2219 536 2283 'commanentesr
564 2210 604 2273 ab
631 2209 790 2274 occidente
814 2209 995 2287 Germanos,
1014 2219 1047 2275 et
1072 2207 1186 2275 flumen
1204 2211 1265 2275 Vi-

169 2312 281 2386 stulae3
306 2312 346 2375 ab
367 2320 483 2387 arctoo,
503 2310 597 2375 idest
619 2309 863 2395 septentrionali,
880 2310 1090 2375 circumdatur
1114 2311 1259 2377 Oceano:

169 2436 189 2477 a
214 2411 343 2477 meridie
370 2411 508 2487 Perside,
525 2409 670 2487 Albania,
700 2409 842 2488 Hiberia,
873 2410 987 2488 Ponto,
1014 2421 1107 2496 atque
1123 2422 1262 2478 extremo

169 2513 257 2577 alveo
287 2512 399 2586 Histri,
426 2512 478 2595 qni
506 2511 620 2575 dicitur
650 2509 823 2587 Danubius,
850 2513 891 2576 ab
915 2510 996 2577 ostio
1019 2535 1075 2576 suo
1100 2535 1196 2598 usque
1221 2514 1262 2579 ad

169 2613 297 2677 fontem.
343 2612 381 2675 ln
404 2635 441 2676 eo
463 2634 536 2676 vero
558 2610 617 2674 loci
635 2609 741 2687 latere,
760 2633 820 2695 quo
844 2611 1011 2676 Ponticum
1033 2612 1108 2678 litus
1122 2613 1261 2700 attingit,

169 2714 292 2798 oppidis
317 2713 402 2777 haud
426 2712 563 2778 obscuris
587 2710 765 2787 involvitur,
793 2711 1023 2790 Boristhenide,
1044 2712 1147 2791 Olbia,
1171 2713 1263 2779 (lalli-

170 2815 262 2900 pode,
286 2814 451 2890 Chersone,
475 2811 663 2887 Theodosio,
688 2811 839 2889 Pareone,
862 2812 1080 2898 Mirmycione,
1097 2822 1129 2879 et
1146 2813 1263 2901 Trape-

170 2925 281 2980 zunte:
306 2937 383 2998 quas
397 2912 557 2977 indomitae
574 2911 765 2997 Scytharum
787 2912 928 2978 nationes
950 2911 1075 2979 Graecos
1097 2915 1262 3000 permisere

169 3016 310 3093 condere,
329 3014 453 3080 sibimet
478 3012 663 3078 commercia
684 3020 893 3096 praestaturos.
946 3013 985 3077 ln
1010 3011 1098 3100 cujus
1124 3014 1262 3101 Scythiae

170 3116 272 3180 medio
295 3123 342 3180 est
364 3116 458 3193 locus,
476 3113 527 3199 qui
544 3112 655 3177 Asiam
671 3112 891 3199 Europamque
917 3114 958 3178 ab
972 3114 1123 3180 altemtro
1139 3116 1262 3182 dividit.

169 3216 291 3302 Riphaei
307 3215 423 3285 scilicet
448 3222 581 3291 montes,
599 3213 651 3298 qui
678 3213 798 3278 Tanain
820 3214 1030 3280 vastissimum
1055 3215 1191 3281 fundunt
1216 3217 1263 3282 in-

168 3324 306 3382 trantem
336 3316 511 3387 Maeotida;
549 3312 637 3400 cujus
665 3312 789 3399 paludis
817 3315 965 3380 circuitus
996 3338 1143 3401 passuum
1165 3316 1263 3383 millia

168 3440 287 3494 cxnnrr,
304 3438 454 3501 nusquam
470 3423 541 3479 octo
556 3415 637 3479 ulnis
650 3413 745 3479 altius
759 3415 956 3480 subsidentis.
1002 3415 1040 3479 ln
1055 3439 1117 3500 qua
1132 3416 1264 3502 Scythia

169 3519 270 3603 prima
284 3518 324 3581 ab
338 3515 499 3581 occidente
513 3536 589 3600 gens
606 3513 687 3580 sedit
703 3513 905 3600 Gepidarum,
923 3538 991 3600 quae
1013 3517 1134 3601 magnis
1156 3518 1263 3602 opina-

169 3621 269 3701 tisque
284 3617 421 3681 ambitur
435 3613 623 3680 fluminibus.
669 3615 750 3680 Nam
767 3615 910 3681 Tisianus
924 3638 979 3700 per
999 3616 1173 3701 aquilonem
1197 3614 1264 3703 ejus

173 3740 341 3802 corumque
375 3715 530 3780 discurrit.
582 3715 637 3779 Ab
667 3715 776 3779 Africo
799 3738 873 3780 vero
904 3738 1036 3800 magnus
1061 3717 1127 3802 ipse
1156 3717 1263 3783 Danu·

170 3817 250 3891 bins,
266 3819 307 3881 ab
328 3839 402 3881 euro
423 3813 536 3881 fluvius
558 3814 669 3880 Tausis
683 3824 789 3880 secat:
818 3815 870 3900 qui
897 3816 1024 3901 rapidus
1040 3840 1077 3881 ac
1094 3819 1264 3884 verticosus

169 3919 200 3982 in
225 3918 328 3983 Histri
350 3915 468 3982 fluenta
489 3916 594 3980 furens
615 3915 800 3980 devolvitur.
854 3915 1011 3982 Introrsus
1025 3917 1069 3982 illi
1089 3916 1188 3982 Dacia
1204 3926 1262 3998 est,

169 4020 210 4083 ad
236 4041 356 4083 coronae
381 4017 515 4102 speciem
540 4015 646 4081 arduis
668 4016 804 4102 Alpibus
831 4016 987 4082 emunita:
1009 4015 1106 4103 juxta
1132 4042 1263 4103 qnorum

170 4121 329 4184 sinistrum
346 4119 437 4194 latus,
456 4116 539 4203 quod
554 4117 586 4181 in
608 4117 783 4202 aquilonem
799 4117 909 4203 vergit,
926 4125 958 4181 et
984 4117 1024 4183 ab
1040 4127 1110 4183 ortu
1129 4120 1263 4186 Vistula

170 4218 306 4285 fluminis
323 4219 544 4304 perimmensa
561 4217 662 4302 spatia
677 4219 772 4296 venit,
790 4218 992 4282 Winidarum
1009 4219 1094 4283 natio
1115 4221 1264 4305 populosa

170 4320 320 4387 consedit.
366 4320 505 4402 Quorum
528 4318 654 4382 nomina
677 4317 749 4383 licet
775 4340 858 4383 nunc
883 4343 939 4405 per
956 4318 1057 4385 varias
1077 4319 1211 4386 familias
1231 4329 1264 4387 et

169 4423 237 4487 loca
264 4429 433 4498 mutentur,
450 4418 663 4506 principaliter
689 4428 794 4484 tamen
817 4419 953 4485 Sclavini
978 4428 1010 4485 et
1034 4421 1138 4486 Antes
1163 4423 1264 4486 nomi-

169 4534 294 4588 nantur.
340 4521 475 4586 Sclavini
492 4519 653 4584 acivitate
667 4542 757 4597 nova,
775 4528 805 4584 et
823 4519 967 4585 Solarino
983 4521 1215 4599 Rumunnense,
1232 4530 1265 4586 et

170 4624 239 4689 lacu
261 4624 313 4709 qui
335 4622 511 4707 appellatur
528 4621 701 4697 Mucianus,
716 4643 814 4705 usque
831 4621 872 4685 ad
887 4620 1089 4700 Danastrum,
1106 4631 1139 4686 et
1160 4622 1191 4686 in
1209 4622 1265 4686 bo-

169 4749 254 4790 ream
281 4723 389 4787 Viscla
414 4735 505 4787 tenus
530 4730 779 4787 commorantur:
805 4720 837 4786 hi
863 4721 993 4807 paludes
1018 4722 1182 4808 sylvasque
1208 4744 1263 4806 pro

169 4824 350 4890 civitatibus
372 4823 499 4889 habent.
544 4823 646 4888 Autcs
671 4845 754 4900 vero,
780 4823 832 4906 qui
859 4832 932 4887 sunt
960 4845 1065 4888 eorum
1094 4821 1264 4902 fortissimi,

165 4922 480 5024 θ’.
