2886 5378
568 837 856 894 ruounsonnuu.
1167 824 1251 891 xcix

155 1022 257 1076 voees,
275 1009 369 1085 atque
385 1001 442 1086 ipsi
461 1003 575 1086 passim
590 999 769 1087 adjacerent
786 1000 876 1078 vallo,
895 1001 1075 1065 oberrarent
1099 1000 1250 1078 tentoriis,

155 1101 310 1167 insomnes
344 1102 444 1187 magis
480 1124 573 1186 quam
609 1101 781 1186 pervigiles.
838 1102 1021 1186 Ducemque
1046 1101 1157 1165 terruit
1183 1100 1252 1166 dira

154 1202 258 1286 quies:
282 1224 356 1266 narn
385 1202 589 1283 Quinctilium
611 1201 732 1266 Varum
759 1200 909 1286 sanguine
933 1202 1075 1280 oblitum,
1102 1209 1134 1265 et
1162 1201 1251 1286 palu·

155 1302 247 1367 dibus
272 1325 435 1380 emersum,
461 1325 586 1367 cernere
611 1309 643 1366 et
669 1302 777 1367 audire
792 1303 875 1367 visus
896 1312 955 1378 est,
974 1303 1060 1367 velut
1075 1310 1249 1378 vocantem,

155 1425 217 1466 non
262 1409 366 1466 tamen
411 1402 585 1479 obsecutus,
631 1410 663 1466 et
701 1425 828 1467 manum
864 1402 1055 1468 intendentis
1091 1402 1249 1487 repulisse.

158 1503 269 1587 Goepta
291 1502 369 1580 luce,
388 1503 489 1568 missae
515 1502 547 1566 in
576 1504 677 1567 latera
701 1503 837 1589 legiones
864 1511 959 1583 metu,
976 1526 1016 1568 an
1041 1502 1247 1581 contumacia,

154 1603 256 1669 locum
296 1603 477 1668 deseruere:
515 1611 608 1689 capto
646 1627 777 1688 propere
810 1627 930 1690 campo,
960 1602 1124 1669 humentia
1151 1603 1246 1667 ultra.

157 1703 264 1788 Neque
293 1713 399 1768 tamen
428 1704 598 1781 Arminius,
630 1725 817 1788 quamquam
844 1704 941 1769 libero
966 1705 1102 1779 incursu,
1139 1703 1246 1770 statim

155 1804 315 1891 prorupit:
341 1804 395 1869 sed
417 1811 454 1868 ut
480 1804 594 1868 haesere
617 1826 702 1868 coeno
718 1804 866 1888 fossisque
880 1805 1112 1890 impedimenta,
1129 1803 1247 1869 turbati

154 1905 270 1969 circum
286 1904 410 1982 milites,
429 1905 566 1969 incertus
582 1904 741 1990 signorum
757 1905 843 1983 ordo,
859 1914 955 1989 utque
972 1905 1028 1970 tali
1051 1905 1084 1968 in
1107 1914 1248 1989 tempore

153 2006 212 2070 sibi
235 2005 363 2091 quisquo
385 2028 545 2090 properus,
569 2012 601 2068 et
625 2004 717 2069 lentae
742 2004 906 2071 adversum
936 2005 1066 2090 imperia
1090 2028 1189 2081 aures,
1205 2005 1246 2068 ir·

155 2129 298 2192 rumpere
316 2105 490 2170 Germanos
506 2103 609 2191 jubet,
637 2105 809 2183 clamitans,
839 2115 858 2142 “
869 2106 919 2171 En
938 2105 1052 2188 Varus,
1078 2114 1111 2170 et
1137 2104 1246 2170 eodem

155 2206 268 2271 iterum
292 2206 357 2270 fato
374 2205 468 2270 victae
494 2206 630 2291 legiones
644 2209 651 2269 l
665 2204 684 2232 ''
729 2205 829 2270 Simul
853 2207 939 2279 haro:
965 2215 996 2271 et
1023 2229 1093 2270 cum
1118 2205 1247 2270 delectis

155 2307 270 2371 scindit
288 2328 410 2391 agmen,
426 2305 571 2390 equisque
588 2305 724 2370 maxime
739 2306 868 2371 vulnera
882 2307 1015 2393 ingerit:
1035 2307 1079 2370 illi
1097 2306 1246 2390 sangnine

152 2429 220 2484 suo,
237 2416 269 2471 et
284 2407 401 2471 lubrico
416 2405 565 2492 paludum
581 2406 746 2491 lapsentes,
762 2408 900 2473 excussis
915 2407 1086 2471 rectoribus
1106 2403 1247 2491 disjicere

154 2508 271 2584 obvios,
296 2514 450 2592 proterere
467 2505 628 2593 jacentes:
653 2507 804 2592 plurimus
826 2509 907 2572 circa
929 2508 1048 2592 aquilas
1065 2506 1163 2583 labor,
1179 2529 1247 2590 quae

154 2631 253 2692 neque
276 2607 441 2672 adversum
465 2606 538 2671 ferri
560 2607 737 2693 ingruentia
752 2609 824 2686 tela,
842 2631 942 2692 neque
958 2608 1010 2693 figi
1026 2607 1135 2672 limosa
1151 2606 1246 2670 humo

154 2715 308 2794 poterant.
361 2707 487 2772 (lasciua
503 2707 578 2771 dum
594 2715 749 2773 sustentat
773 2708 882 2786 aciem,
909 2708 1038 2774 suffosso
1061 2730 1140 2792 equo
1160 2707 1246 2771 dela-

153 2832 227 2894 psus
244 2808 554 2884 circumveniebatur,
570 2807 602 2871 ni
626 2807 727 2893 prima
752 2809 831 2893 legio
849 2831 914 2874 sese
929 2809 1140 2895 opposuisset:
1160 2805 1246 2894 juvit

152 2909 288 2974 hostium
302 2908 448 2986 aviditas,
462 2908 576 2973 omissa
590 2908 685 2984 caede,
702 2909 842 2993 predam
856 2909 1042 2974 sectantium
1057 2935 1066 2985 ς
1091 2909 1245 2992 enisaeque

152 3008 296 3094 legiones,
323 3017 556 3094 vesperascente
584 3008 645 3086 die,
672 3008 840 3094 inaperta
866 3019 898 3075 et
931 3008 1049 3075 solida:
1083 3032 1183 3092 neque
1219 3007 1245 3073 is

152 3109 344 3174 miseriarum
369 3108 458 3174 finis:
483 3108 666 3173 struendum
682 3109 808 3186 vallum,
824 3110 976 3195 petendus
992 3133 1106 3196 agger:
1132 3109 1247 3174 amissa

153 3232 267 3297 magna
300 3232 340 3274 ex
374 3216 475 3294 parte,
503 3232 559 3294 per
597 3232 664 3293 quae
693 3211 829 3294 egeritur
855 3211 978 3288 humus,
1005 3218 1060 3275 aut
1088 3210 1244 3275 exciditur

154 3332 280 3395 cespes:
304 3333 366 3374 non
382 3309 518 3374 tentoria
532 3309 708 3394 manipulis,
724 3332 785 3376 non
803 3310 941 3376 fomenta
958 3310 1089 3377 sauciis:
1113 3310 1246 3374 infectos

151 3432 237 3475 coeno
260 3417 316 3475 aut
343 3433 450 3475 cruore
478 3409 563 3474 cibos
587 3409 772 3486 dividentes,
797 3411 937 3477 firnestas
961 3411 1113 3487 tenebras,
1141 3417 1173 3473 et
1195 3416 1245 3473 tot

155 3510 316 3575 bominum
331 3510 466 3575 millibus
481 3532 578 3574 unum
587 3506 656 3596 jam
672 3510 825 3595 reliquum
843 3511 926 3575 diem
943 3510 1205 3575 lamentabantur.

198 3609 329 3676 LXVI.
354 3609 452 3675 Forte
474 3632 571 3694 equus
602 3609 744 3695 abruptis
768 3611 900 3676 vinculis
926 3634 1033 3697 vagus,
1056 3618 1088 3675 et
1110 3609 1243 3674 clamore

152 3712 288 3789 territus,
306 3709 457 3795 quosdam
483 3710 712 3775 occurrentium
736 3710 944 3776 obturbavitr
961 3718 1051 3776 tanta
1076 3710 1147 3774 inde
1173 3733 1245 3774 con-

151 3811 302 3876 sternatio
316 3810 467 3896 inrupisse
485 3809 658 3875 Germanos
672 3810 875 3889 credentium,
892 3819 929 3876 ut
944 3811 1048 3876 cuncti
1064 3820 1187 3875 ruerent
1203 3810 1244 3875 ad

151 3921 279 3996 portas;
303 3933 434 3996 quarum
457 3911 640 3975 Decumana
662 3911 799 3976 maxime
825 3912 1002 3998 petebatur,
1019 3934 1128 3976 aversa
1150 3911 1242 3988 hosti,

152 4019 185 4075 ct
207 4011 397 4096 fugientibus
423 4011 530 4075 tutior.
576 4010 710 4087 Oaecina,
736 4020 895 4096 comperto
912 4035 1023 4078 vanam
1047 4034 1112 4076 esse
1139 4011 1244 4076 formi-

153 4110 269 4190 dinem,
298 4133 367 4175 cum
405 4118 510 4175 tamen
545 4133 643 4196 neque
669 4112 867 4190 auctoritate,
897 4135 996 4196 neque
1023 4112 1173 4197 precibus,
1205 4134 1244 4176 ne

151 4235 246 4275 manu
264 4211 388 4295 quidem
403 4211 564 4289 obsistere,
582 4219 638 4276 aut
652 4212 786 4276 retinere
799 4211 931 4277 militem
947 4213 1067 4296 quiret:
1092 4209 1246 4296 projectus

62 4359 64 4363 η
152 4313 182 4375 in
210 4312 316 4376 linrine
339 4320 446 4396 portae,
473 4311 670 4376 miseratione
697 4311 832 4389 demum,
859 4312 931 4396 quia
954 4336 1009 4398 per
1026 4334 1137 4397 corpus
1149 4311 1245 4397 legati

151 4411 288 4477 eundum
328 4420 405 4487 erat,
443 4411 554 4476 clausit
591 4411 694 4476 viam:
732 4412 822 4477 simul
850 4413 967 4478 tribuni
994 4421 1026 4477 et
1052 4412 1246 4477 centuriones

153 4511 265 4576 falsum
280 4533 427 4597 pavorem
442 4510 624 4578 docuerunt.

197 4611 347 4676 LXVII.
371 4611 461 4676 'Iunc
496 4619 673 4677 contractos
704 4613 736 4676 in
765 4613 926 4699 principia,
960 4612 1124 4700 jussosque
1162 4612 1247 4677 dicta

151 4734 223 4776 cum
232 4712 356 4778 silentio
367 4712 517 4798 accipere,
529 4713 678 4798 temporis
692 4735 729 4777 ac
744 4714 938 4780 necessitatis
952 4724 1069 4778 monet.
1106 4720 1126 4749 ‘⁶
1140 4713 1246 4777 Unam

151 4812 183 4877 in
197 4813 293 4879 armis
308 4813 452 4892 salutem,
470 4812 528 4877 sed
545 4834 583 4877 ea
603 4813 729 4879 oonsilio
750 4815 972 4898 temperanda:
997 4812 1245 4895 manendumque

1063 4908 1082 4962 Ιι
1103 4908 1121 4963 2
