2886 5378
549 866 842 923 PROLEGOMENA.
1186 859 1242 924 xci

147 1030 204 1108 ria,
231 1052 314 1093 nunc
338 1036 466 1114 agentes
490 1027 618 1113 gratias,
644 1025 728 1108 quod
751 1047 789 1088 ea
813 1025 957 1092 Romana
975 1025 1104 1114 justitia
1118 1027 1245 1106 liniret,

147 1131 315 1214 feritasque
342 1151 399 1194 sua
427 1128 566 1193 novitate
595 1126 763 1210 incognitae
793 1125 963 1211 disciplinae
992 1129 1182 1207 mitesceret,
1213 1139 1247 1196 et

148 1230 239 1296 solita
251 1231 346 1295 armis
359 1229 498 1294 descerni
506 1226 579 1313 jure
593 1226 843 1304 terminarentur,
859 1228 891 1291 iu
905 1251 1058 1295 summam
1072 1231 1245 1296 socordiam

149 1331 322 1416 perduxere
345 1327 569 1412 Quinctilium
595 1350 691 1411 usque
718 1349 765 1402 eo,
788 1335 825 1391 ut
851 1350 883 1392 se
906 1339 1070 1415 praetorem
1092 1332 1246 1396 urbanum

149 1432 181 1495 in
204 1431 271 1497 foro
285 1429 339 1518 jus
361 1431 473 1507 dicere,
498 1452 559 1493 non
583 1428 615 1492 in
635 1427 746 1492 mediis
769 1428 945 1495 Germaniae
966 1429 1079 1497 finibus
1094 1432 1247 1498 exercitui

149 1554 279 1616 praeesse
303 1532 452 1596 crederet.
499 1529 580 1593 Tum
597 1526 723 1614 juvenis
744 1551 857 1613 genere
882 1531 1005 1609 nobilis,
1027 1554 1123 1597 manu
1145 1531 1245 1610 fortis,

148 1655 240 1697 sensu
252 1633 343 1710 celer,
357 1632 441 1696 ultra
450 1631 617 1695 barbarum
633 1635 772 1714 promtus
786 1629 919 1714 iugenio,
934 1631 1058 1697 nomine
1072 1632 1246 1711 Arminius,

150 1733 293 1818 Sigimeri
324 1732 471 1817 principis
501 1731 605 1816 gentis
634 1727 701 1815 ejus
733 1727 824 1807 filius,
858 1732 1001 1797 ardorem
1031 1734 1128 1798 animi
1154 1735 1244 1799 vultu

149 1833 306 1918 oculisque
333 1833 507 1918 praeferens,
537 1830 681 1896 assiduus
710 1829 829 1894 militiae
856 1841 969 1897 nostran
996 1833 1105 1919 prioris
1131 1857 1244 1912 comes,

152 1934 252 2016 (eum)
272 1931 346 2019 jure
368 1934 465 1999 etiam
488 1932 631 1996 civitates
653 1931 802 1995 Romana
819 1928 874 2015 jus
890 1933 1042 2017 equestris
1058 1957 1247 2021 consequens

148 2034 273 2119 gradus,
298 2034 433 2120 segnitia
454 2033 542 2097 ducis
565 2033 597 2096 in
618 2032 812 2096 occasionem
834 2033 958 2099 scelerIs
979 2057 1053 2099 usus
1075 2042 1133 2111 est,
1158 2035 1245 2100 haud

148 2135 362 2220 imprudenter
384 2133 570 2219 speculatus,
593 2133 750 2197 neminem
776 2131 905 2199 celerius
924 2135 1066 2220 opprimi,
1083 2158 1176 2220 quam
1191 2136 1243 2220 qui

149 2235 226 2299 nihil
249 2237 396 2312 timeret;
426 2243 459 2299 et
485 2233 768 2317 frequentissimum
792 2233 916 2298 initium
948 2257 1013 2299 esse
1045 2236 1242 2313 calamitatis,

147 2336 359 2400 securitatem.
424 2335 532 2399 Primo
565 2334 662 2419 igitur
693 2356 817 2418 paucos,
851 2356 927 2399 mox
954 2335 1058 2420 plures
1087 2336 1121 2400 in
1151 2336 1245 2401 socie-

149 2443 250 2499 tatem
277 2436 395 2501 consilii
419 2435 549 2521 recipit:
577 2434 710 2520 opprimi
742 2456 831 2518 posse
852 2434 1021 2514 Romanos,
1045 2443 1078 2500 et
1101 2437 1187 2514 dicit,
1212 2443 1244 2501 et

149 2535 337 2621 persuadct;
373 2537 506 2601 decretis
528 2535 613 2600 facta
631 2532 760 2620 juugit3
783 2542 906 2620 tempus
930 2535 1111 2601 insidiarum
1132 2539 1244 2603 eonsti-

150 2636 224 2701 tuit.
272 2636 310 2700 ld
338 2635 424 2702 Varo
448 2660 504 2722 per
532 2636 633 2701 virum
659 2633 726 2720 ejus
753 2637 857 2720 gentis
883 2634 1006 2701 fidelem
1032 2637 1168 2721 clarique
1189 2660 1244 2702 no-

149 2736 243 2801 minis
265 2736 414 2822 Segesten
435 2737 603 2802 indicatur.
648 2735 713 2800 Sed
733 2735 901 2801 obstabant
916 2735 987 2823 jam
1011 2737 1079 2802 fata
1099 2738 1244 2817 consiliis,

149 2860 333 2922 omnemque
354 2836 449 2903 animi
470 2835 536 2923 ejus
558 2838 657 2902 aciem
683 2836 949 2922 praestrinxerant.
1000 2838 1124 2924 Quippe
1143 2839 1189 2904 ita
1211 2861 1245 2904 se

147 2961 199 3003 res
214 2938 319 3018 habet,
337 2946 373 3003 ut
388 2939 570 3024 plerumque
587 2937 671 3026 [qui]
689 2937 847 3002 fortunam
862 2946 1041 3004 mutaturus
1058 2939 1156 3016 Deus,
1172 2962 1244 3003 con·

149 3038 218 3103 silia
241 3047 429 3124 corrumpat,
458 3037 642 3122 efficiatque,
669 3038 751 3122 quod
771 3039 978 3104 miserrimum
1001 3048 1059 3117 est,
1083 3047 1131 3116 ut,
1160 3039 1244 3125 quod

149 3139 272 3217 accidit,
296 3139 329 3203 id
345 3141 441 3204 etiam
456 3139 567 3204 merito
582 3138 732 3203 accidisse
746 3139 901 3218 videatur,
920 3148 952 3204 et
969 3162 1059 3206 casus
1073 3140 1106 3205 in
1121 3142 1243 3227 culpam

149 3246 297 3305 transeat.
360 3239 466 3326 Neget
495 3240 600 3323 itaque
629 3238 820 3314 accredere,
848 3262 996 3326 spemque
1027 3241 1060 3305 in
1092 3263 1124 3306 se
1153 3241 1245 3306 bene-

149 3341 292 3405 volentiae
320 3362 361 3405 ex
387 3340 499 3405 merite
524 3340 681 3405 aeetimare
705 3338 880 3424 profitetur.
932 3341 998 3407 Nec
1022 3341 1150 3419 diutius,
1173 3350 1244 3426 post

148 3440 283 3526 primum
299 3440 447 3517 indicem,
464 3441 599 3506 secundo
612 3440 739 3505 relictus
753 3440 849 3505 locus.

198 3541 333 3607 cxlx,
356 3540 506 3606 Ordinem
529 3540 729 3606 atrocissimae
751 3539 948 3618 calamitatis,
972 3562 1035 3624 qua
1054 3540 1149 3619 nulla,
1173 3548 1244 3626 post

149 3641 252 3708 Grani
274 3643 306 3706 iu
330 3642 460 3707 Parthis
480 3641 640 3719 damnum,
663 3641 696 3706 in
718 3641 855 3706 externis
871 3641 1017 3728 gentibus
1030 3641 1155 3727 gravior
1177 3641 1244 3706 Ro-

148 3743 249 3809 manis
277 3742 348 3821 fuit,
372 3741 469 3828 justis
502 3742 719 3820 voluminibus,
749 3751 786 3807 ut
815 3741 877 3819 alii,
904 3742 950 3807 ite
977 3764 1035 3807 uos
1063 3741 1244 3807 conabimur

149 3866 313 3929 exponere.
359 3842 452 3907 Nunc
482 3864 605 3907 summa
635 3841 778 3908 deflenda
804 3849 863 3908 est.
907 3841 1076 3907 Exercitus
1104 3843 1243 3908 omnium

147 3944 342 4021 fortissimus,
369 3943 541 4028 disciplina,
568 3965 676 4018 mauu,
704 3942 957 4028 experientiaque
981 3942 1133 4007 bellorum
1162 3942 1245 4009 inter

149 4043 308 4110 Romanos
336 4044 452 4109 milites
481 4044 635 4130 prinecps,
670 4066 810 4109 marcere
842 4043 942 4117 ducis,
976 4043 1106 4128 perfidia
1132 4043 1241 4122 hostis,

146 4144 312 4229 iniquitate
336 4144 472 4210 fonunae
495 4145 724 4210 circumventus
748 4145 835 4227 (cum
858 4166 897 4208 ne
927 4143 1086 4229 pugnandi
1116 4143 1242 4227 quidem

148 4253 203 4310 aut
226 4244 404 4331 egrediendi
430 4245 551 4311 occasio
570 4245 620 4321 iis,
643 4245 675 4308 in
699 4252 852 4329 quantum
867 4244 1042 4322 voluerant,
1068 4243 1144 4308 dats
1160 4252 1243 4310 esset

148 4345 293 4432 impune;
333 4345 494 4431 castigatis
517 4345 613 4411 etiam
635 4345 822 4430 quibusdam
843 4344 932 4431 gravi
955 4367 1054 4430 poena,
1084 4343 1157 4427 quia
1179 4345 1244 4410 Ro·
1364 4336 1368 4346 ’

120 4522 125 4529 ¹
147 4446 248 4512 mauis
268 4454 301 4512 et
327 4446 422 4511 armis
444 4454 476 4510 et
498 4446 610 4512 animis
631 4445 679 4510 usi
701 4447 858 4530 fuissent),
886 4445 1022 4511 inclusus
1039 4444 1135 4521 silvis,
1156 4445 1243 4532 paln-

148 4546 251 4624 dibus,
276 4547 408 4623 insidiis,
428 4546 469 4610 ab
491 4569 527 4611 eo
550 4546 640 4611 hoste
661 4546 703 4611 ad
721 4546 964 4611 internecionem
986 4544 1161 4611 trucidatus
1183 4555 1242 4624 est,

147 4669 240 4731 quem
263 4670 385 4733 semper
406 4648 451 4711 ita
473 4670 559 4712 more
580 4647 736 4733 pecudum
762 4647 986 4723 trucidaverat,
1007 4655 1044 4711 ut
1065 4645 1165 4710 vitam
1187 4655 1244 4711 aut

146 4756 280 4814 mortem
306 4746 373 4834 ejus
399 4770 481 4814 nunc
503 4748 561 4824 ira,
587 4770 669 4813 nune
693 4748 783 4813 venia
807 4755 1007 4833 temperaret.
1068 4746 1151 4811 Duci
1173 4748 1244 4832 plus

146 4847 188 4913 ad
213 4849 420 4927 moriendum,
451 4871 544 4933 quam
567 4848 609 4913 ad
636 4848 851 4936 pugnandum,
873 4847 969 4914 animi
992 4847 1063 4913 fuit.
1121 4846 1245 4932 Quippe
