2886 5378
198 831 253 899 cvi
472 847 548 902 rna
570 847 753 903 onauunu
775 846 823 903 or
847 846 1013 902 suerrus.

195 1005 313 1091 pudore
341 1005 461 1093 flagitii,
487 1007 553 1073 sine
579 1029 653 1071 cura
669 1007 795 1084 ducum,
816 1006 912 1083 abire,
928 1006 1055 1091 fugere;
1079 1005 1208 1091 pavidos
1231 1006 1286 1072 ad·

195 1107 310 1180 versis:
336 1107 417 1172 iuter
430 1107 575 1182 secunda,
592 1130 655 1172 non
670 1106 777 1184 divini,
794 1128 857 1171 non
876 1107 1003 1171 humani
1017 1105 1099 1193 juris
1123 1129 1285 1173 memores.

193 1205 228 1271 Si
251 1208 345 1272 taedio
368 1208 488 1273 viamm
518 1231 555 1273 ac
582 1207 676 1273 maris
701 1205 793 1273 finem
821 1207 957 1292 cupiant,
983 1207 1043 1271 hac
1065 1206 1132 1272 acie
1159 1207 1281 1293 parari:

193 1309 367 1392 propiorem
384 1306 454 1394 jam
470 1309 589 1387 Albim,
620 1330 713 1393 quam
731 1307 896 1372 Rhenum:
920 1330 1020 1392 neque
1048 1308 1162 1372 bellum
1191 1309 1284 1385 ultra,

191 1407 284 1472 modo
310 1432 344 1474 se
360 1409 458 1495 patris
474 1409 637 1495 patruique
654 1407 786 1494 vestigia
803 1416 1004 1494 prementem,
1020 1408 1131 1474 iisdem
1145 1408 1177 1472 in
1192 1409 1284 1475 terris

192 1506 342 1573 victorem
355 1509 530 1575 sisterent.''
574 1508 757 1574 Orationem
773 1508 860 1575 ducis
877 1517 1002 1575 secutus
1015 1508 1151 1574 militnm
1166 1510 1279 1583 ardor:

188 1607 373 1694 signumque
393 1632 509 1696 pugnae
527 1611 648 1677 datum.

235 1708 317 1774 XV.
354 1707 423 1774 Noa
449 1711 624 1788 Arminius,
658 1720 715 1777 aut
744 1709 838 1777 ceteri
873 1708 1099 1774 Germanorum
1141 1732 1283 1795 proceres

190 1809 378 1876 omittebant
393 1832 465 1877 suos
480 1810 609 1896 quisque
618 1812 747 1877 testari:
772 1809 875 1874 “Hos
892 1832 957 1875 esse
973 1809 1130 1875 Romanos
1149 1810 1280 1875 Variani

190 1910 346 1977 exercitus
370 1911 592 1996 fugacissimos,
614 1911 668 1996 qni
687 1933 729 1977 aa
757 1910 874 1977 bellum
897 1911 1076 1988 tolerarent,
1096 1910 1280 1976 seditionem

189 2008 365 2076 induerint:
390 2036 521 2097 quorum
543 2035 615 2098 pars
636 2019 750 2078 onusta
763 2009 942 2078 rulntnu'bu
962 2020 1097 2096 tergum,
1111 2032 1184 2096 pars
1206 2010 1280 2076 fluc-

188 2110 273 2177 tibus
309 2119 342 2177 et
371 2113 514 2198 procellis
547 2114 663 2179 fractos
693 2130 791 2192 amus,
818 2111 946 2176 Mensis
971 2131 1097 2177 rmm
1119 2111 1278 2190 ictibus,

187 2210 326 2279 adversis
341 2213 412 2290 diis,
430 2211 588 2300 objiciant,
599 2214 686 2279 nulla
699 2213 772 2279 boni
787 2236 852 2298 spe.
882 2212 1021 2278 Classem
1035 2210 1149 2297 quippe
1162 2219 1196 2277 et
1208 2212 1282 2277 aria

188 2310 305 2379 Oceani
333 2314 472 2398 quaesita,
504 2338 543 2380 ne
571 2314 640 2400 quis
666 2314 863 2380 venientibus
891 2321 1076 2389 occurreret,
1105 2335 1144 2377 ne
1172 2313 1279 2398 pulsos

184 2423 359 2496 premeret:
383 2415 438 2481 sed
463 2415 516 2480 ubi
538 2416 717 2481 miscuerint
736 2437 857 2490 manus,
881 2414 972 2478 inane
999 2413 1090 2479 victis
1114 2423 1277 2479 ventorum

185 2534 402 2600 remorumque
416 2516 598 2582 subsidium.
626 2515 846 2582 Meminissent
863 2513 957 2578 modo
976 2514 1126 2591 avaritia),
1144 2514 1278 2579 crudeli-

185 2613 271 2693 tatis,
289 2616 462 2702 superbiae:
487 2617 573 2683 aliud
592 2617 652 2683 sibi
670 2618 831 2703 reliquum,
847 2637 941 2700 quam
957 2623 1063 2679 tenere
1086 2613 1275 2692 libertatem,

184 2720 241 2778 aut
258 2717 337 2780 mori
353 2725 427 2781 ante
442 2717 603 2783 servitium
612 2719 623 2782 l
632 2717 650 2745 '⁸

229 2813 330 2880 XVI.
354 2814 407 2881 Sic
424 2840 569 2883 accensos
595 2825 627 2882 et
654 2817 795 2902 proelium
814 2823 977 2902 poscentes
998 2815 1030 2879 in
1052 2837 1208 2900 campum,
1225 2816 1275 2880 oui

184 2912 352 2980 Idistaviso
378 2938 499 2994 nomen,
529 2916 706 2982 deducunt:
747 2916 775 2982 is
799 2914 920 2980 medius
949 2915 1030 2980 inter
1052 2914 1214 3000 Visurgim
1243 2927 1274 2980 et

183 3014 285 3092 colles,
318 3023 355 3080 nt
378 3015 453 3102 ripae
482 3014 618 3082 fluminis
642 3016 770 3092 cedunt,
800 3022 856 3079 ant
883 3015 1089 3100 prominentia
1118 3015 1273 3079 montium

181 3114 340 3194 resistunt,
358 3116 551 3200 inaequaliter
570 3118 730 3182 sinuatur:
755 3138 835 3202 pone
850 3123 973 3200 tergum
990 3114 1170 3200 insurgebat
1183 3113 1271 3193 silva,

183 3213 277 3281 editis
299 3214 332 3280 in
357 3217 458 3283 altum
482 3217 587 3294 ramis,
605 3224 638 3281 et
659 3239 737 3303 pura-
758 3216 854 3281 humo
876 3215 957 3280 inter
972 3215 1118 3280 arborum
1135 3222 1272 3280 truncos.

183 3313 336 3402 Campum
360 3326 392 3382 et
414 3319 514 3404 prima
535 3319 692 3396 silvarum,
709 3317 843 3382 barbara
867 3315 950 3382 acies
970 3315 1090 3381 tenuit:
1118 3314 1175 3380 soli
1193 3316 1273 3381 Obe-
1383 3337 1387 3347 ·

180 3417 262 3483 rusci
278 3415 358 3504 juga
382 3419 533 3495 insedere,
549 3427 584 3484 ut
599 3418 811 3505 proeliantibns
826 3417 976 3482 Romanis
992 3416 1124 3502 desuper
1138 3416 1272 3482 incurre-

180 3528 260 3584 rent.
312 3518 427 3585 Noster
454 3520 609 3586 exercitus
636 3519 680 3585 sio
704 3518 849 3584 incessit:
882 3517 1048 3582 auxiliares
1073 3516 1166 3595 Galli,
1193 3516 1270 3582 Ger-

181 3619 326 3702 manique
343 3620 374 3684 in
389 3619 510 3686 fronte:
535 3629 607 3705 post
622 3642 698 3705 quos
715 3618 836 3705 pedites
850 3617 1024 3704 sagittarii:
1051 3617 1123 3682 dein
1138 3627 1271 3702 quatuor

179 3716 324 3803 legiones,
355 3727 387 3784 et
415 3743 487 3785 cnm
522 3721 643 3786 duabus
669 3719 821 3806 praetoriis
852 3719 1040 3799 cohortibus,
1073 3740 1111 3783 ao
1148 3718 1269 3783 delecto

180 3819 284 3902 equite
299 3819 425 3885 Oaesar:
453 3821 526 3886 exin
556 3821 690 3887 totidem
714 3819 783 3885 aliae
805 3819 949 3904 legiones,
968 3827 1000 3884 et
1015 3819 1091 3885 levis
1110 3828 1270 3884 armatura

179 3940 250 3983 cum
266 3920 369 4003 equite
383 3921 557 4006 sagittario,
574 3929 745 4006 coteraeque
759 3920 912 3986 sociorum
927 3920 1079 3985 cohortes.
1125 3918 1270 3986 Intentus

178 4027 365 4104 paratusque
379 4021 477 4099 miles,
494 4034 529 4087 ut
546 4022 622 4087 ordo
637 4021 769 4108 agminis
785 4021 817 4085 in
834 4020 933 4085 aciem
950 4019 1124 4086 adsisteret.

229 4119 350 4186 XVII.
388 4120 473 4188 Visis
505 4120 729 4188 Ohemsoornm
764 4121 908 4194 catervis,
938 4144 1006 4205 qnae
1036 4144 1090 4206 per
1122 4121 1268 4187 ferociam

177 4231 392 4307 proruperant,
408 4223 614 4289 validissimos
637 4223 777 4306 equitum
798 4221 953 4286 incurrere
974 4223 1066 4300 latus,
1084 4220 1268 4286 Stertinium

179 4344 250 4386 cum
264 4322 376 4388 ceteris
390 4323 502 4389 turmis
523 4323 736 4408 circumgredi,
751 4329 899 4407 tergaque
916 4322 1063 4387 invadere
1078 4319 1181 4408 jubet,
1203 4323 1267 4406 ipse

178 4422 211 4486 in
226 4430 365 4509 tempore
379 4423 554 4489 adfuturus.
599 4423 724 4487 Interea
749 4422 989 4508 pulcherrimum
1005 4423 1180 4507 augurium,
1197 4429 1268 4486 octo

177 4524 288 4607 aquila
307 4532 414 4609 petere
440 4524 542 4601 silvas,
561 4532 593 4587 et
606 4523 724 4588 intrare
742 4523 825 4601 visa,
840 4524 1059 4609 imperatorem
1083 4522 1265 4587 advertere:

179 4624 345 4700 exclamat,
372 4630 391 4660 ‘⁴
405 4624 503 4702 Irent,
521 4631 722 4708 sequerentur
737 4623 895 4689 Romanas
920 4645 1004 4700 aves,
1020 4623 1145 4707 propria
1171 4622 1268 4707 legio-

178 4748 254 4789 num
269 4724 426 4789 numina.”
478 4723 577 4789 Simul
593 4724 744 4809 pedestris
769 4723 850 4790 acies
869 4723 1020 4799 infertur;
1045 4730 1078 4787 et
1093 4721 1269 4808 praemissus

176 4849 279 4909 eques,
303 4834 474 4912 postremos
497 4849 535 4892 ao
558 4825 657 4892 latera
681 4825 815 4910 impulit.
878 4824 1057 4909 Mimmque
1084 4823 1180 4903 dictu,
1205 4824 1267 4888 duo
