2886 5378
192 776 239 854 70
463 796 538 851 rua
561 796 740 851 omniur
763 797 811 850 or
835 796 1001 851 racrrus.

193 978 258 1025 nec
285 956 437 1049 virgines
463 955 697 1038 festinantur;
720 955 844 1025 eadem
872 956 1033 1047 juventa,
1056 951 1182 1023 similis
1204 971 1285 1043 pro-

193 1074 345 1143 ceritas:
369 1095 469 1164 pares
486 1071 680 1164 validaeque
703 1073 920 1141 miscentur:
947 1093 988 1140 ac
1010 1069 1136 1139 robora
1159 1089 1284 1161 paren·

193 1203 272 1259 tum
295 1189 397 1260 liberi
420 1189 589 1260 referunt.
642 1189 809 1259 Sororum
838 1188 919 1259 filiis
943 1189 1038 1258 idem
1064 1186 1157 1279 apud
1175 1207 1287 1256 avun-

195 1305 325 1390 culum,
343 1309 403 1398 qui
431 1307 525 1399 apud
551 1318 688 1399 patrem
715 1307 837 1376 honor.
890 1304 1044 1390 Quidam
1073 1303 1284 1374 sanctiorem

195 1424 452 1516 arctiorenrque
476 1424 571 1494 huno
594 1447 727 1495 nexum
745 1424 925 1516 sanguinis
942 1422 1168 1502 arbitrantur,
1187 1436 1225 1489 et
1247 1419 1287 1488 in

194 1541 407 1633 accipiendis
438 1542 618 1611 obsidibus
643 1543 754 1635 magis
782 1542 955 1634 exigunt3
978 1550 1160 1631 tamquam
1185 1537 1221 1618 ii,
1248 1545 1288 1604 et

195 1658 353 1727 animum
378 1657 523 1741 fimitis,
549 1667 587 1728 et
611 1659 755 1728 domum
780 1658 887 1728 latihs
915 1667 1071 1728 teneant.
1124 1654 1288 1724 Heredes

197 1783 317 1844 tamen
351 1797 637 1866 successoresque
671 1777 726 1846 sui
757 1776 885 1867 cuique
919 1775 1041 1845 liberi:
1077 1781 1114 1842 et
1146 1770 1287 1841 nullum

197 1900 461 1962 testamentum.
514 1890 553 1961 Si
571 1892 673 1962 liberi
698 1916 769 1960 non
790 1900 882 1974 sunt,
900 1893 1081 1984 proximus
1104 1889 1232 1982 gradus
1249 1888 1287 1956 in

198 2011 414 2101 possessione
455 2009 592 2093 fratres,
627 2012 753 2101 patrui,
787 2010 963 2080 avunculi.
1025 2003 1170 2091 Quanto
1206 2004 1288 2098 plns

197 2127 483 2218 propinquorum,
514 2124 584 2218 quo
618 2128 731 2218 major
760 2127 929 2197 adfinium
972 2146 1149 2206 numerus,
1184 2118 1288 2193 tanto

199 2245 385 2336 gratiosior
402 2254 583 2314 senectus:
610 2267 676 2313 neo
694 2243 767 2314 ulla
784 2244 944 2313 orbitatis
961 2242 1085 2334 pretia.

573 2424 645 2463 NOTE
666 2423 703 2463 ΟΝ
724 2423 840 2463 sacrm
861 2424 910 2464 XX·

239 2557 248 2592 ¹
269 2553 340 2613 Sera
360 2554 496 2625 juvenum
524 2551 830 2633 Venus.]—Whatever
851 2574 917 2630 may
935 2553 1007 2612 have
1027 2553 1098 2612 been
1118 2551 1167 2612 the
1187 2573 1239 2630 age
1259 2553 1294 2612 of

198 2649 328 2727 puberty,
342 2649 408 2709 that
421 2652 452 2709 of
469 2653 587 2727 infancy
601 2652 644 2730 (iu
659 2652 707 2710 the
720 2652 795 2730 legal
808 2670 887 2710 seusa
901 2652 933 2710 of
949 2651 998 2709 the
1012 2650 1098 2729 term)
1112 2651 1203 2710 ended
1217 2649 1288 2709 with

198 2746 249 2805 the
262 2746 467 2824 AngloSaxou
481 2757 511 2806 at
527 2750 573 2806 12.

238 2844 280 2902 At
300 2844 363 2903 that
382 2846 451 2904 time
472 2845 521 2904 the
542 2847 633 2923 youth
647 2867 702 2904 was
722 2848 848 2925 muadip,
865 2848 914 2920 ia,
929 2846 974 2904 his
994 2866 1056 2904 own
1078 2853 1191 2916 master,
1206 2865 1238 2904 or
1258 2854 1289 2904 at

199 2941 269 2999 least
281 2942 461 3019 responsible.

253 3459 362 3530 XXI.
390 3461 576 3554 Suscipere
594 3470 667 3532 tam
686 3462 911 3544 iuimicitias‚¹
923 3485 985 3532 seu
1001 3465 1118 3556 patris,
1133 3486 1195 3534 seu
1213 3486 1292 3556 pro-

203 3577 336 3670 pinqui,
359 3577 466 3668 quam
487 3580 661 3650 amicitias
687 3602 829 3650 necesse
853 3590 928 3650 est:
955 3603 1020 3650 nec
1048 3580 1290 3674 implacabiles

205 3696 343 3764 durant.
397 3694 526 3766 Luitur
543 3697 636 3767 enim
657 3697 765 3766 etiarn
791 3697 1021 3767 homicidium
1039 3705 1136 3768 certo
1152 3720 1293 3768 armen·

206 3822 324 3883 torum
353 3835 393 3880 ac
417 3836 584 3904 pecorum
608 3835 765 3896 numero,
790 3815 985 3905 recipitque
1013 3815 1292 3886 satisfactionem

206 3931 369 3999 univorsa
389 3930 533 4000 domus:
559 3930 696 4000 utiliter
719 3931 756 3999 in
782 3930 988 4022 publicum;
1014 3933 1097 4023 quia
1119 3931 1293 4025 periculo·

205 4047 313 4115 siores
339 4056 422 4115 sunt
446 4047 641 4116 inimicitiae
663 4048 772 4139 juxta
799 4047 1011 4118 libertatem.
1061 4048 1294 4120 Convictibus

208 4171 245 4232 et
270 4161 430 4255 hospitiis
457 4186 529 4232 non
558 4163 628 4233 alia
655 4185 744 4256 gens
770 4163 914 4235 effusius
941 4164 1113 4258 indulget.
1162 4165 1294 4249 Quem·

207 4301 359 4369 cumque
387 4279 590 4349 mortalium
623 4303 740 4351 arcere
768 4290 876 4364 tecto,
901 4281 1000 4352 nefas
1026 4282 1200 4352 habetur:
1231 4304 1295 4375 pro

207 4393 350 4464 fortunia
370 4398 518 4488 quisque
547 4398 722 4489 apparatis
748 4397 861 4489 epulis
887 4400 1030 4491 excipit.
1082 4398 1176 4469 Cum
1200 4399 1296 4469 defe-

207 4535 297 4593 cere,
320 4514 380 4603 qui
408 4509 515 4582 modb
542 4514 668 4605 hospes
697 4515 822 4596 fuerat,
848 4524 1063 4586 monstrator
1086 4515 1229 4609 hospitii
1256 4525 1296 4586 et

209 4652 336 4710 comes,
364 4630 561 4722 proximam
593 4631 737 4700 domum
769 4654 839 4700 non
867 4634 1007 4703 invitati
1037 4634 1191 4704 adeunt:
1227 4655 1295 4703 nec

209 4748 376 4817 interest:
407 4748 481 4839 pari
505 4746 727 4819 humanitate
750 4749 979 4842 accipiuntur.
1032 4749 1173 4821 Notum
1194 4752 1292 4844 igno·
