2886 5378
220 821 345 892 lxxviii
498 837 575 892 'l'HE
597 836 781 893 GERMANY
806 835 854 892 01¹
878 837 1046 894 nucleus.

216 1000 471 1066 lio'auctoritatis
486 1009 589 1067 essent
607 1001 776 1078 consecuti,
792 999 968 1066 sentiebat:
994 1000 1106 1084 quibus
1124 1001 1165 1065 ad
1187 1002 1316 1068 consilia

215 1099 367 1186 capienda
390 1101 466 1167 nihil
488 1101 582 1187 spatii
609 1101 749 1166 dandum
776 1100 988 1166 existimabat.
1046 1101 1107 1167 His
1134 1104 1314 1170 constitutis

214 1202 306 1267 rebus
329 1211 361 1266 et
384 1201 512 1267 consilio
529 1224 601 1266 cum
629 1200 742 1288 legatis
767 1210 799 1267 et
829 1210 983 1286 quaestore
1006 1203 1245 1281 communicato,
1274 1228 1313 1270 ne

213 1324 306 1387 quem
321 1301 406 1367 diem
421 1325 532 1388 pugnae
550 1301 814 1388 praetermitteret,
831 1302 1094 1387 opportunissima
1115 1326 1165 1368 res
1186 1305 1312 1382 accidit,

213 1402 296 1487 quod
311 1403 460 1488 postridie
476 1400 542 1488 ejus
557 1402 620 1466 diei
638 1425 729 1469 mane
744 1402 855 1467 eadem
871 1410 903 1467 et
918 1401 1049 1487 perfidia
1065 1411 1097 1468 et
1115 1404 1313 1470 simulatione

213 1504 260 1568 usi
289 1502 448 1582 Germani,
480 1504 668 1588 frequentes,
694 1502 838 1568 omnibus
865 1504 1056 1589 principibus
1083 1500 1312 1590 majoribusque

212 1612 289 1668 natu
315 1603 475 1680 adhibitis,
493 1604 535 1668 ad
561 1626 633 1670 enm
660 1603 693 1668 in
722 1612 826 1670 caetra
850 1612 1023 1679 venerunt;
1047 1604 1148 1683 simul,
1172 1614 1209 1668 ut
1227 1606 1313 1672 dice·
1345 1626 1348 1633 ·

210 1704 315 1779 batur,
329 1705 377 1770 sui
394 1704 546 1790 purgandi
564 1726 681 1780 caussa,
695 1704 779 1789 quod
797 1712 915 1781 contra,
933 1711 1027 1788 atque
1044 1713 1125 1771 esset
1142 1704 1311 1773 dictumst

211 1804 270 1890 ipsi
288 1805 449 1890 petissent,
466 1805 608 1891 proelinm
632 1805 731 1889 pridie
747 1803 994 1879 commisissent;
1019 1807 1111 1870 simul
1128 1814 1174 1883 ut,
1193 1807 1309 1891 siquid

211 1914 348 1990 possent,
367 1906 406 1970 de
432 1904 566 1971 induciis
590 1905 726 1973 fallendo
754 1906 970 1990 impetrarent.
1030 1905 1116 1988 Quos
1131 1905 1188 1971 sibi
1205 1906 1310 1973 Oaesar

210 2006 332 2070 oblatos
354 2005 490 2090 gavisus,
506 2006 576 2075 illos
593 2005 720 2071 retineri
735 2003 853 2092 jussit;
878 2005 943 2091 ipse
958 2028 1065 2072 omnes
1079 2006 1184 2092 copias
1198 2009 1310 2074 castris

210 2105 334 2180 eduxit,
360 2106 605 2194 equitatumque,
629 2108 712 2191 quod
738 2107 855 2171 receuti
882 2106 988 2191 proelio
1014 2107 1214 2192 perterritum
1242 2131 1308 2174 esse

211 2206 424 2283 existimabat,
440 2229 554 2293 agmen
568 2207 712 2292 subsequi
722 2206 830 2292 jussit.

254 2306 357 2372 XIV.
394 2307 474 2372 Acie
507 2307 622 2393 triplici
652 2309 808 2384 instituta,
848 2316 880 2372 et
912 2306 1052 2373 celeriter
1079 2330 1146 2371 vm.
1174 2307 1306 2374 millium

209 2407 320 2472 itinere
338 2408 490 2486 confecto,
513 2409 600 2496 prius
614 2409 656 2473 ad
671 2409 809 2475 hostium
823 2417 928 2474 castra
945 2408 1096 2494 pervenit,
1113 2431 1215 2492 quam,
1232 2410 1306 2494 quid

208 2516 362 2593 ageretur,
401 2508 550 2577 Germani
592 2510 706 2576 sentire
738 2517 873 2595 possent.
931 2508 1003 2591 Qui,
1035 2509 1178 2574 omnibus
1214 2511 1306 2577 rebus

208 2607 311 2673 subito
336 2609 503 2693 perterriti,
531 2617 563 2674 et
595 2610 755 2675 celeritate
784 2611 937 2675 adventus
967 2608 1075 2686 nostri,
1107 2617 1139 2674 et
1169 2609 1304 2676 discessu

208 2729 345 2785 suorum,
364 2732 463 2792 neque
489 2710 607 2775 consilii
634 2710 779 2787 habendi,
795 2733 894 2794 neque
922 2732 1010 2774 arma
1033 2708 1174 2794 capiendi
1202 2712 1304 2797 spatio

209 2807 293 2886 dato,
328 2808 560 2894 perturbantur,
588 2811 731 2895 copiasne
758 2810 906 2875 adversus
937 2809 1059 2875 hostem
1093 2810 1234 2889 educere,
1264 2834 1305 2877 an

184 2951 188 2958 -
209 2915 312 2972 castra
329 2907 504 2987 defendere,
520 2932 561 2974 an
575 2910 650 2994 fuga
667 2910 799 2974 salutem
817 2919 932 2994 petere,
946 2916 1116 2994 praestaret.
1163 2910 1303 2993 Quorum

208 3009 303 3073 timor
317 3030 414 3092 quum
428 3008 556 3074 fremitu
582 3020 613 3073 et
631 3031 782 3074 concursu
806 3006 1043 3093 significaretur,
1065 3008 1179 3075 milites
1194 3013 1301 3088 nostri,

208 3108 330 3194 pristini
356 3108 417 3173 diei
443 3107 573 3194 perfidia
594 3109 727 3183 incitati,
744 3109 775 3173 in
791 3117 895 3173 castra
916 3109 1104 3194 irruperunt.
1163 3109 1303 3192 Quorum

208 3210 260 3294 qui
278 3208 421 3274 celeriter
435 3232 523 3275 arma
538 3231 647 3294 capere
669 3216 848 3294 potuerunt,
865 3208 1032 3294 paullisper
1045 3210 1160 3274 nostris
1180 3212 1302 3276 restite-

206 3318 280 3374 runt
303 3318 397 3394 atque
424 3310 505 3375 iuter
532 3331 635 3374 carros
663 3309 945 3395 impedimentaque
978 3308 1117 3394 proelium
1142 3312 1301 3376 commise-

205 3419 297 3476 runt:
323 3409 490 3495 etreliqua
506 3409 676 3476 multitudo
693 3432 857 3495 puerorum
873 3409 1098 3493 mulierumque
1116 3409 1204 3492 (nam
1228 3435 1300 3476 cum

205 3511 349 3576 omnibus
370 3511 433 3577 suis
457 3511 550 3576 domo
567 3518 764 3576 excesserant
787 3511 992 3595 Rhenumque
1009 3510 1210 3595 transierant)
1230 3536 1298 3598 pas

204 3611 262 3676 eim
288 3612 394 3697 fugere
420 3613 532 3700 coepit;
569 3611 610 3676 ad
635 3635 712 3696 quos
744 3611 967 3678 consectandos
993 3610 1097 3676 Caesar
1124 3613 1299 3696 equitatum

207 3712 304 3777 misit.

250 3811 331 3879 XV.
365 3812 523 3890 Germani,
547 3820 617 3896 post
647 3820 771 3898 tergum
796 3812 931 3876 clamore
957 3811 1074 3890 audito,
1106 3834 1202 3895 quum
1227 3834 1298 3877 suos

202 3910 334 3979 interfici
351 3915 503 3987 viderent,
519 3912 614 3977 armis
635 3911 767 3998 abjectis
788 3911 944 3997 signisque
965 3911 1151 3977 militaribus
1172 3912 1298 3990 relictis,

203 4034 236 4077 se
260 4036 300 4077 ex
327 4015 438 4080 castris
461 4011 637 4100 ejecerunt:
662 4023 704 4091 et,
727 4034 823 4097 quum
847 4011 889 4076 ed
915 4009 1120 4077 confluentem
1137 4012 1237 4077 Mosae
1266 4022 1298 4078 et

201 4110 303 4179 Rheni
334 4116 555 4200 pervenissent,
579 4113 698 4197 reliqua
723 4114 798 4198 fuga
827 4109 1002 4196 desperata,
1026 4135 1140 4197 magno
1166 4135 1296 4177 numero

200 4211 375 4292 interfecto,
408 4215 517 4299 reliqui
548 4235 581 4278 se
612 4214 645 4277 in
676 4211 791 4277 flumen
823 4212 1097 4297 precipitaverunt
1128 4221 1222 4297 atque
1253 4213 1296 4278 ibi

200 4313 321 4390 timore,
337 4315 529 4392 lassitudine,
546 4314 576 4378 vi
601 4311 736 4379 fluminis
758 4313 895 4399 oppressi
913 4313 1081 4396 perierunt.
1126 4313 1232 4379 Nostri
1255 4312 1296 4377 ad

200 4435 298 4478 unum
321 4438 428 4482 omnes
453 4415 633 4489 incolumes,
659 4414 821 4499 perpaucis
848 4413 1026 4490 vulneratis,
1051 4436 1091 4478 ex
1117 4413 1199 4479 tanti
1223 4413 1296 4478 belli

199 4513 321 4592 timore,
352 4539 448 4600 quum
479 4514 617 4580 hostium
648 4535 795 4578 numerus
826 4512 966 4597 capitum
987 4536 1133 4579 ccccxxx.
1163 4514 1294 4579 millium

199 4613 317 4694 fuisset,
335 4639 367 4680 se
393 4617 426 4680 in
449 4624 552 4680 castra
572 4622 766 4700 receperunt.
823 4613 931 4679 Oaesar
955 4614 1013 4691 his,
1030 4637 1106 4698 quos
1130 4615 1161 4680 in
1186 4616 1297 4681 castris

198 4715 379 4793 retinuerat,
396 4715 574 4782 discedendi
594 4722 783 4800 potestatem
810 4714 908 4778 lecit:
933 4714 978 4778 illi
1002 4716 1155 4800 supplicia
1179 4715 1295 4781 crucia-

201 4825 313 4902 tusque
335 4815 498 4882 Gallorum
520 4815 621 4894 veriti,
645 4836 775 4901 quorum
801 4836 892 4900 agros
909 4824 1111 4896 vexaverant,
1136 4837 1295 4882 remanere
