2886 5378
200 831 291 902 lxxx
472 847 549 903 rna
571 846 755 903 ausurus
780 846 829 904 on
853 846 1018 904 suerrus.

198 1009 323 1074 sublieae
344 1006 437 1071 modo
453 1007 579 1073 derecta
606 1007 647 1072 ad
669 998 937 1094 perpendiculum,
953 1007 1008 1073 sed
1030 1030 1128 1094 prona
1148 1029 1185 1073 ac
1207 1007 1293 1074 fasti-

198 1117 283 1195 gata,
298 1117 335 1173 ut
350 1107 520 1173 secundum
545 1116 690 1173 naturam
712 1106 848 1174 fluminis
869 1109 1124 1195 procumberent:
1154 1109 1191 1174 iis
1215 1110 1293 1174 item

198 1209 354 1274 contraria
371 1208 442 1284 duo,
460 1208 502 1273 ad
527 1208 672 1273 eumdem
696 1209 823 1274 modum
842 1207 967 1296 juncta,
988 1209 1152 1274 intervallo
1175 1208 1291 1294 pedum

198 1309 440 1395 quadragenum,
463 1309 504 1373 ab
518 1309 662 1373 inferiore
683 1318 781 1395 parte,
797 1319 906 1375 contra
935 1310 999 1375 vim
1022 1319 1116 1394 atque
1139 1310 1291 1395 impetum

198 1407 334 1475 fluminis
359 1431 507 1474 conversa
534 1410 704 1475 statuebat.
751 1409 830 1474 Haec
859 1419 991 1495 utraque
1018 1411 1143 1496 insuper
1164 1410 1291 1495 bipeda·

197 1510 279 1576 libus
302 1509 446 1575 trabibus
471 1509 625 1589 immissis,
645 1519 796 1594 quantum
822 1533 929 1575 eorum
960 1511 1118 1596 tignorum
1141 1508 1292 1595 junctura

198 1610 346 1689 distabat,
365 1609 445 1675 binis
472 1610 650 1694 utriumque
680 1608 782 1675 fibulis
800 1611 841 1675 ab
865 1623 1007 1676 extrema
1034 1618 1134 1696 parte,
1163 1610 1290 1676 distine-

196 1711 331 1777 bantur:
356 1710 467 1795 quibus
482 1710 622 1776 disclusis
637 1717 730 1794 atque
745 1711 777 1775 in
793 1711 980 1776 contrariam
995 1720 1116 1797 partem
1133 1710 1290 1787 revinctis,

196 1820 288 1877 tanta
304 1819 371 1876 erat
388 1812 489 1896 operis
514 1809 673 1876 firmitudo
695 1820 789 1896 atque
817 1834 854 1876 ea
879 1835 981 1877 rerum
1007 1820 1132 1886 natura,
1157 1819 1204 1890 ut,
1229 1835 1290 1894 quo

197 1910 297 1999 major
315 1911 361 1976 vis
375 1934 463 1995 aquae
481 1934 513 1976 se
535 1911 738 1989 incitavisset,
753 1912 813 1976 hoc
838 1913 936 1978 artius
958 1912 1079 1997 illigata
1100 1920 1289 1977 tenerentur.

198 2012 279 2078 Haec
304 2011 430 2077 derecta
452 2012 581 2077 materie
598 2010 714 2098 injecta
728 2012 974 2077 contexebantur
989 2020 1021 2078 et
1035 2012 1184 2098 longuriis
1198 2013 1291 2077 crati-

196 2113 314 2197 busque
331 2113 627 2189 consternebantur:
652 2136 689 2177 ac
706 2104 917 2178 nihilosecius
934 2113 1060 2179 sublicae
1078 2112 1166 2177 etad
1185 2112 1291 2177 inferi-

198 2236 283 2278 orem
314 2221 436 2298 partem
462 2210 597 2278 fluminis
624 2213 747 2297 oblique
776 2212 960 2298 agebantur,
987 2237 1065 2298 quae,
1089 2236 1145 2299 pro
1171 2213 1290 2298 pariete

196 2311 344 2400 subjecta
367 2321 399 2378 et
414 2335 486 2378 cum
507 2313 591 2379 omni
617 2336 709 2399 opere
731 2311 915 2399 conjuncta,
931 2313 995 2378 vim
1016 2312 1150 2379 fluminis
1167 2314 1288 2399 excipe-

196 2422 287 2480 rent:
322 2421 354 2479 et
383 2413 451 2478 aliae
481 2415 557 2479 item
589 2437 684 2500 supra
714 2423 841 2500 pontem
868 2414 1017 2480 mediocri
1043 2415 1153 2500 spatio,
1186 2422 1231 2492 ut,
1263 2414 1289 2478 si

197 2515 343 2579 arborum
358 2514 460 2580 trunci
486 2514 550 2580 sive
572 2537 667 2580 naves
685 2512 848 2600 dejiciendi
875 2517 975 2601 operis
997 2523 1099 2580 essent
1116 2537 1136 2579 a
1151 2514 1291 2579 barbaris

196 2614 307 2688 missa,
343 2614 392 2681 his
420 2615 633 2681 defensoribus
658 2638 764 2680 earum
793 2638 897 2680 rerum
927 2616 973 2681 vis
1004 2616 1204 2694 minueretur,
1229 2638 1289 2679 neu

196 2716 285 2798 ponti
302 2723 458 2780 nocerent.

241 2814 380 2882 XVIII.
404 2814 524 2880 Diebus
549 2815 668 2893 decem,
695 2816 806 2898 quibus
831 2816 963 2880 materia
986 2824 1087 2901 coepta
1114 2822 1181 2880 erat
1204 2839 1289 2881 com-

197 2914 324 3000 portari,
347 2916 430 2980 omni
454 2937 546 2999 opere
572 2915 693 2991 effecto,
723 2915 877 2980 exercitus
901 2914 1123 2980 transducitur.
1174 2915 1288 2992 Caesar,

198 3013 239 3080 ad
263 3023 426 3099 utramque
450 3023 571 3100 partem
597 3014 701 3099 pontis
727 3012 816 3079 firmo
843 3015 987 3100 prasidio
1012 3015 1129 3091 relicto,
1155 3017 1186 3078 in
1212 3017 1287 3081 fines

199 3115 432 3200 Sigambrorum
457 3114 631 3179 contendit.
678 3113 808 3179 Interim
832 3138 852 3179 a
874 3115 1083 3200 compluribus
1108 3115 1287 3180 civitatibus

196 3215 239 3280 ad
264 3237 336 3280 eum
353 3215 447 3300 legati
462 3215 600 3294 veniunt,
617 3214 728 3298 quibus
748 3237 855 3299 pacem
870 3223 963 3299 atque
985 3215 1155 3280 amicitiam
1181 3225 1288 3299 peten-

196 3316 282 3382 tibus
294 3315 464 3380 liberaliter
477 3315 637 3401 respoudit
653 3315 833 3398 obsidesque
850 3315 939 3380 adse
960 3315 1074 3380 adduci
1092 3313 1195 3401 jubet.
1240 3317 1289 3381 At

200 3416 356 3503 Sigambri
377 3439 417 3481 ex
441 3438 477 3480 eo
503 3424 654 3501 tempore,
669 3438 729 3499 quo
752 3438 830 3501 pons
851 3416 973 3481 institui
996 3425 1114 3501 coeptus
1139 3424 1196 3494 est,
1213 3415 1288 3502 fuga

196 3525 385 3603 comparata,
401 3516 600 3582 hortantibus
623 3517 671 3592 iis,
690 3539 766 3601 quos
781 3539 822 3581 ex
840 3516 1045 3582 'lenchthcris
1066 3525 1159 3601 atque
1175 3516 1288 3602 Usipe-

196 3618 282 3683 tibus
310 3618 394 3702 apud
428 3640 461 3682 se
491 3617 658 3693 habebant,
694 3614 806 3683 finibus
837 3617 900 3683 suis
933 3625 1139 3694 excesserant,
1171 3641 1287 3701 suaque

196 3718 302 3782 omnia
330 3726 582 3803 exportaverant,
610 3741 702 3801 seque
728 3718 759 3781 in
788 3717 988 3783 solitudinem
1014 3741 1052 3782 ae
1082 3718 1173 3784 silvas
1199 3718 1289 3783 abdi·

196 3817 317 3884 derant.

241 3917 346 3983 XIX.
388 3917 502 3999 Caesar,
530 3941 645 4004 paucos
681 3917 747 3985 dies
778 3918 810 3982 iu
848 3941 954 3983 eorum
994 3916 1106 3983 finibus
1137 3925 1286 3996 moratus,

195 4019 339 4084 omnibus
360 4019 437 4084 vicis
462 4016 660 4102 aedificiisque
694 4018 825 4083 incensis
850 4019 1073 4102 frumentisque
1096 4019 1231 4097 succisis,
1255 4041 1287 4084 se

194 4120 226 4184 in
243 4117 319 4185 fines
336 4119 492 4184 Ubiorum
507 4120 644 4205 recepit:
669 4127 763 4203 atquc
788 4119 826 4184 iis
848 4120 999 4184 auxilium
1015 4142 1104 4184 suum
1119 4116 1285 4205 pollicitus

195 4220 221 4287 si
236 4221 276 4285 ab
294 4219 404 4284 Suevis
419 4228 640 4306 premerentur,
657 4219 724 4283 hac
748 4221 788 4284 ab
805 4220 843 4284 iis
864 4219 1033 4304 cognovit:
1060 4220 1186 4297 Suevos,
1202 4228 1288 4304 post-

195 4343 326 4404 eaquam
347 4344 402 4405 per
424 4321 637 4405 exploratores
654 4329 781 4404 pontem
796 4318 863 4384 lieri
878 4321 1110 4405 comperissent,
1133 4341 1287 4383 moresne

195 4421 325 4486 concilio
356 4420 474 4496 habito,
500 4421 627 4485 nuncios
654 4419 686 4483 in
712 4443 819 4485 omnes
848 4428 952 4505 partes
982 4419 1143 4497 dimisisse,
1172 4419 1219 4484 uti
1249 4419 1288 4483 de

195 4520 318 4607 oppidis
347 4520 566 4605 demigrarent,
583 4520 704 4598 liberos,
722 4543 845 4596 uxores,
873 4543 987 4604 suaque
1011 4521 1116 4585 omnia
1141 4519 1172 4584 in
1196 4519 1290 4585 silvas

196 4620 385 4706 deponerent
410 4629 505 4704 atque
536 4643 652 4697 omnes,
679 4620 732 4705 qui
759 4644 844 4685 arma
872 4620 951 4684 serre
976 4629 1111 4706 possent,
1137 4643 1234 4684 unum
1257 4620 1290 4684 in

195 4724 297 4788 locum
327 4721 548 4786 convenirent:
587 4720 669 4785 huuc
699 4743 764 4787 esse
795 4720 950 4785 delectum
979 4721 1118 4786 medium
1150 4721 1213 4785 fere
1244 4743 1291 4784 re-

195 4824 323 4909 gionum
356 4844 472 4900 earum,
505 4843 582 4906 quas
621 4821 714 4888 Suevi
753 4822 947 4887 obtinerent:
990 4822 1041 4888 hic
1078 4822 1291 4887 Romanorum
