2886 5378
942 455 947 465 ι

201 834 246 902 eii
476 848 553 904 raa
575 849 756 905 senuaar
782 851 831 907 or
855 852 1021 912 memus

200 1014 267 1073 tate
287 1006 409 1086 leniret,
432 1007 593 1073 circumire
607 1007 609 1014 ’
621 1009 761 1085 saucios:
791 1009 875 1075 facta
900 1009 1091 1094 singulorum
1118 1005 1290 1079 extollere;

201 1108 329 1172 vulnera
351 1109 487 1185 intuens,
510 1109 605 1174 alium
628 1133 691 1195 spe,
716 1110 811 1175 alium
833 1110 943 1196 gloria,
967 1115 1095 1174 cunctos
1111 1106 1244 1191 alloquio
1262 1113 1295 1169 et

202 1231 285 1285 cura,
304 1209 422 1293 sibique
439 1216 471 1274 et
486 1209 593 1295 proelio
610 1208 765 1275 firmabat.

625 1417 723 1461 nacla.
746 1418 823 1458 ANN.
847 1418 880 1457 11.

249 1508 293 1574 V.
316 1509 462 1576 Ceterum
498 1510 623 1576 Tiberio
652 1511 736 1575 haud
763 1499 923 1597 ingratum
950 1509 1065 1575 accidit
1097 1508 1217 1575 turbari
1248 1531 1298 1574 res

204 1609 353 1685 Orientis,
369 1619 405 1675 ut
430 1634 467 1675 ea
490 1611 591 1697 specie
619 1611 839 1677 Germanicum
863 1611 960 1678 suetis
982 1609 1154 1696 legionibus
1175 1610 1295 1674 abstra-

203 1712 312 1786 heret:
341 1711 488 1796 novisque
514 1711 680 1796 provinciis
701 1712 892 1798 impositum,
910 1713 982 1777 dolo
1004 1711 1095 1777 simul
1118 1719 1150 1775 et
1172 1709 1296 1775 casibus

204 1809 385 1897 objectaret.
431 1812 478 1876 At
494 1813 555 1890 ille,
574 1821 690 1897 quanto
704 1814 823 1878 acriora
838 1814 868 1877 in
888 1835 960 1878 eum
974 1810 1079 1878 studia
1099 1811 1246 1885 militum,
1263 1818 1294 1873 et

205 1934 313 1977 aversa
334 1913 437 1997 patrui
459 1913 613 1988 voluntas,
638 1912 806 1978 celeranda
824 1914 964 1979 victorioe
985 1912 1141 1989 intentior,
1160 1920 1296 1976 tractare

205 2013 380 2097 proeliorum
395 2013 471 2091 vias,
490 2020 521 2077 et
549 2036 616 2097 quae
640 2012 699 2078 sibi
724 2015 852 2079 tertium
870 2012 939 2100 jam
965 2035 1081 2078 annum
1103 2010 1298 2097 belligeranti

205 2135 287 2177 saeva
304 2114 352 2178 vel
368 2136 514 2199 prospera
530 2114 721 2179 evenissent:
748 2123 768 2150 “
779 2115 867 2180 fundi
883 2113 1055 2178 Germanos
1068 2111 1135 2176 acie
1152 2120 1184 2176 et
1200 2109 1298 2197 justis

205 2212 302 2287 locis:
335 2210 439 2299 juvari
463 2213 557 2289 silvis,
584 2213 757 2299 paludibus,
786 2216 872 2281 brevi
899 2223 1016 2291 aestate,
1048 2221 1081 2278 et
1108 2220 1294 2298 praematura

205 2313 325 2378 hieme:
350 2337 441 2380 suum
462 2315 594 2379 militem
615 2314 701 2380 haud
725 2316 852 2400 perinde
872 2315 1060 2391 vulneribus,
1076 2335 1169 2399 quam
1189 2311 1298 2397 spatiis

205 2414 362 2492 itinemm,
381 2415 496 2481 damno
512 2438 668 2482 armorum
690 2415 801 2481 adlici:
826 2417 922 2482 fessas
945 2415 1064 2481 Gallias
1085 2411 1296 2478 ministrandis

207 2515 313 2598 equis:
340 2517 467 2601 longum
493 2516 785 2602 impedimentorum
810 2539 932 2603 agmen,
955 2524 1165 2602 opportunum
1188 2513 1229 2577 ad
1252 2513 1299 2576 in·

207 2614 313 2692 sidias‚
331 2616 562 2682 defensantibus
588 2616 740 2700 iniquum.
792 2616 840 2681 At
866 2618 892 2682 si
915 2639 1001 2681 mare
1026 2616 1168 2691 intretur,
1193 2636 1296 2698 prom-

207 2722 296 2799 ptam
320 2715 395 2800 ipsis
420 2717 652 2801 possessionem,
681 2725 713 2781 et
727 2717 869 2783 hostibus
883 2717 1042 2802 ignotam:
1067 2715 1157 2781 simul
1181 2714 1297 2779 bellum

208 2815 360 2879 maturius
382 2817 486 2902 incipi,
508 2815 704 2901 legionesque
726 2823 758 2881 et
781 2825 972 2882 commeatus
995 2817 1111 2901 pariter
1136 2815 1227 2880 vehi:
1253 2815 1298 2878 in-

208 2920 330 2999 tegrum
348 2915 494 3000 equitem,
510 2939 674 3001 equosque,
689 2939 744 3002 per
760 2939 815 2981 ora
829 2924 862 2981 et
885 2917 990 2982 alveos
1013 2913 1174 2981 fluminum
1195 2913 1299 2978 media

214 3014 245 3078 in
263 3014 432 3080 Germania
446 3016 542 3080 fore.''

206 3101 210 3109 ¹
253 3115 315 3179 VI.
339 3116 441 3202 Igitur
476 3116 536 3181 huc
572 3116 727 3181 intendit:
774 3117 875 3182 missis
904 3116 947 3181 ad
974 3137 1084 3181 census
1114 3113 1296 3191 Galliarum,

210 3215 249 3279 P.
266 3215 395 3281 Vitellio
418 3225 450 3281 et
474 3216 509 3283 G.
527 3217 645 3289 Antio;
672 3216 775 3291 Silius,
799 3224 831 3282 et
847 3216 993 3294 Anteius,
1012 3223 1044 3280 et
1066 3214 1190 3281 Gaecina
1206 3215 1299 3279 fabri-

209 3316 315 3381 candae
338 3317 428 3384 classi
453 3325 682 3403 praeponuntur.
736 3316 825 3382 Mille
848 3340 943 3383 naves
964 3314 1103 3382 sufficere
1125 3315 1208 3392 visa,
1232 3339 1301 3400 pro·

211 3425 404 3502 perataeqne:
428 3418 496 3483 aliae
510 3419 629 3496 breves,
642 3427 775 3504 angusta
789 3419 885 3504 puppi
900 3440 1061 3503 proraque,
1074 3425 1107 3482 et
1122 3417 1186 3481 lato
1199 3424 1298 3492 utero,

211 3542 272 3601 quo
294 3518 414 3584 facilius
434 3517 547 3585 fluctos
560 3520 745 3584 tolerarent:
774 3520 915 3603 quaedam
933 3518 1032 3604 plana
1047 3517 1168 3594 carinis,
1183 3527 1220 3582 ut
1235 3516 1300 3581 sine

168 3684 170 3688 ,
211 3640 294 3681 noxa
316 3617 471 3683 siderent:
496 3620 608 3705 plures,
630 3620 781 3705 adpositis
801 3622 958 3704 utrimque
979 3617 1205 3705 gubernaculis,
1229 3639 1302 3681 con-

211 3740 299 3783 verso
323 3725 359 3782 ut
383 3727 510 3805 repente
533 3721 672 3806 remigio,
688 3721 760 3784 hinc
785 3721 834 3785 vel
859 3721 943 3785 illinc
957 3719 1167 3805 adpellerent:
1192 3718 1301 3782 multae

212 3819 358 3902 pontibus
381 3827 498 3897 stratae,
516 3843 609 3907 super
628 3843 705 3905 quas
721 3828 878 3886 tormenta
892 3820 1087 3898 veherentur,
1105 3819 1195 3884 simul
1218 3825 1300 3903 aptae

211 3917 346 3984 serendis
369 3920 454 4004 equis
476 3930 533 3985 aut
556 3920 753 3994 commeatui,
770 3921 845 3987 velis
859 3920 988 3996 habiles,
1004 3922 1075 3985 citae
1090 3918 1191 3996 remis,
1210 3941 1303 4003 auge-

211 4019 326 4082 bantur
352 4021 514 4085 alacritate
537 4021 671 4086 militnm
695 4021 728 4085 iu
751 4021 885 4107 speciem
911 4043 949 4085 ac
978 4028 1137 4086 terrorem.
1195 4018 1302 4084 Insula

212 4118 403 4184 Batavorum
418 4121 451 4184 in
469 4144 562 4205 quam
577 4122 776 4187 convenirent
792 4120 949 4207 praedicta,
966 4121 1007 4185 ob
1021 4121 1126 4186 faciles
1143 4118 1299 4205 adpulsus,

211 4221 457 4305 accipiendisque
472 4223 577 4306 copiis,
594 4229 626 4286 et
641 4205 916 4287 transmittendum
931 4221 972 4286 ad
986 4221 1102 4286 bellum
1118 4225 1300 4304 opportuna.

213 4319 295 4383 Nam
318 4321 446 4386 Rhenus
468 4345 529 4386 uno
553 4323 640 4387 alveo
663 4322 836 4399 continuus,
860 4329 916 4387 aut
937 4322 1076 4386 modicas
1099 4319 1216 4385 insulas
1245 4317 1302 4380 cir·
1386 4334 1395 4349 ·

211 4421 417 4500 cumveniens,
433 4421 517 4506 apud
532 4422 717 4511 principium
732 4423 799 4509 agri
816 4422 939 4499 Batavi,
954 4422 1040 4487 velut
1055 4421 1088 4485 in
1102 4419 1180 4484 duos
1196 4439 1303 4482 amnes

212 4520 371 4600 dividitur,
400 4530 562 4607 servatque
589 4545 703 4587 nomen
729 4532 761 4588 et
787 4523 966 4588 violentiam
993 4543 1109 4597 cursus,
1135 4540 1197 4604 qua
1225 4517 1302 4582 Ger-

212 4621 348 4685 maniam
372 4622 567 4706 praevehitur,
593 4622 692 4687 donec
721 4623 846 4688 Oceano
872 4623 1056 4688 misceatur:
1084 4620 1125 4685 ad
1149 4618 1303 4684 Gallicam

211 4720 310 4806 ripam
329 4722 420 4787 latior
437 4730 468 4786 et
491 4723 639 4808 placidior
653 4721 803 4801 adfluens,
820 4746 908 4789 verso
924 4728 1128 4808 cognomento
1144 4718 1302 4784 Vahalem

212 4822 323 4887 accolae
357 4823 484 4887 dicunt:
523 4845 597 4888 mox
630 4825 663 4890 id
696 4849 815 4909 quoque
847 4823 1031 4890 vocabulum
1070 4828 1172 4886 mutat
1212 4820 1305 4886 Mosa
