2886 5378
207 849 308 919 lxxiv
486 864 562 920 run
587 864 768 920 annuum
795 865 843 921 or
869 866 1036 924 recisus,

206 1035 311 1102 Gallia
337 1038 521 1113 delectatur,
551 1058 680 1120 quaeque
712 1035 851 1121 impenso
877 1046 990 1122 parant
1018 1038 1128 1123 pretio,
1159 1038 1307 1106 Germani

204 1138 422 1223 importatitiis
438 1161 500 1202 nou
515 1144 666 1202 utuntur:
692 1136 747 1201 scd
761 1159 832 1220 quae
847 1145 921 1202 suut
939 1137 1024 1223 apud
1041 1162 1094 1204 eos
1109 1148 1197 1214 nata,
1209 1165 1307 1227 prava

204 1247 300 1322 atquc
315 1239 476 1315 deformia,
497 1240 563 1303 haec
580 1237 762 1321 quotidiana
783 1237 1018 1318 exercitatione,
1044 1240 1157 1305 summi
1180 1249 1217 1306 ut
1242 1243 1305 1308 siut

203 1338 328 1417 laboris,
348 1338 496 1405 efficiunt.
541 1338 748 1422 Equestribus
773 1338 887 1423 proeliis
901 1360 982 1424 saepe
998 1361 1039 1403 ex
1053 1342 1140 1424 equis
1156 1341 1305 1409 desiliunt

203 1461 241 1503 ac
271 1439 402 1525 pedibus
432 1439 634 1525 proeliantur;
666 1461 821 1523 equosque
848 1438 957 1503 eodem
984 1462 1144 1507 remanere
1171 1443 1303 1529 vestigio

203 1539 440 1616 adsuefaciuut;
465 1539 507 1604 ad
531 1561 608 1624 quos
624 1561 657 1604 se
674 1539 825 1618 celeriter,
844 1562 940 1623 quum
956 1563 1031 1606 usus
1048 1549 1107 1617 est,
1124 1541 1300 1627 recipiunt:

203 1661 302 1724 neque
320 1663 427 1706 corum
443 1641 581 1706 moribus
598 1639 720 1725 turpius
734 1640 903 1724 quidquam
927 1649 983 1705 aut
1005 1641 1135 1707 inertius
1156 1643 1301 1721 habetur,

203 1762 296 1824 quam
315 1741 469 1828 ephippiis
484 1741 542 1806 uti.
589 1740 700 1825 Itaque
719 1741 762 1805 ad
787 1741 927 1825 quemvis
948 1763 1113 1806 numerum
1137 1743 1301 1830 ephippia·

203 1849 306 1906 torum
321 1842 473 1927 equitum,
492 1840 633 1926 quamvis
653 1841 754 1926 pauci,
777 1840 863 1905 adire
884 1839 1014 1906 audente
1059 1841 1178 1908 Vinum
1202 1845 1244 1909 ad
1267 1868 1300 1911 se

202 1941 328 2006 omnino
345 1943 507 2028 importari
523 1965 584 2007 non
600 1941 716 2018 sinunt,
732 1939 815 2025 quod
831 1963 868 2004 ea
883 1963 914 2004 re
929 1941 971 2005 ad
985 1941 1123 2007 laborem
1137 1944 1300 2011 ferendum
1336 1930 1340 1934 ⁴

201 2042 414 2108 remollescere
431 2043 572 2108 homines
587 2050 681 2126 atque
699 2041 868 2105 effeminari
884 2041 1086 2110 arbitrantur.

246 2142 313 2210 ΙΙΙ.
336 2143 467 2208 Publice
494 2143 665 2207 maximam
690 2150 803 2228 putant
838 2164 903 2206 esse
927 2141 1062 2219 laudem,
1095 2166 1188 2227 quam
1212 2144 1299 2211 latis-

202 2243 279 2308 sime
293 2267 313 2308 a
337 2244 400 2310 suis
418 2241 532 2309 finibus
549 2266 660 2309 vacare
683 2264 792 2328 agros:
820 2242 879 2306 hac
902 2265 935 2306 re
956 2241 1131 2328 significari,
1148 2266 1298 2330 maguum

201 2365 366 2409 numerum
392 2344 557 2409 civitatum
581 2365 669 2408 suam
693 2343 756 2408 vim
776 2343 929 2408 sustinere
951 2365 1014 2407 nou
1038 2366 1139 2429 posse.
1183 2344 1297 2430 Itaque

200 2467 263 2509 una
288 2467 328 2509 ex
346 2453 434 2531 parte
452 2469 472 2509 a
487 2444 599 2510 Suevis
614 2444 736 2508 circiter
751 2443 850 2508 millia
866 2466 1013 2529 passuum
1036 2468 1083 2509 nc.
1101 2445 1169 2531 agri
1183 2467 1295 2511 vacare

200 2544 357 2610 dicuntur.
402 2545 457 2610 Ad
483 2545 614 2610 alteram
639 2553 761 2630 partem
783 2544 954 2610 succedunt
972 2544 1050 2610 Ubii
1070 2547 1216 2630 (quorum
1235 2548 1296 2612 fuit

200 2644 310 2710 civitas
333 2646 438 2732 ampla
461 2655 555 2731 atque
580 2643 704 2721 florens,
732 2652 769 2710 ut
791 2653 839 2710 est
861 2653 971 2730 captus
990 2645 1244 2730 Germanorum),
1262 2656 1296 2713 et

197 2746 311 2829 paullo,
341 2769 434 2830 quam
460 2754 534 2811 suut
564 2742 703 2831 ejusdem
727 2745 858 2830 generis,
889 2753 922 2809 st
946 2747 1057 2811 ceteris
1088 2747 1294 2825 humaniores,

196 2854 362 2930 propterea
385 2845 468 2930 quod
496 2846 641 2910 Rhenum
666 2845 835 2930 adtingunt
859 2846 1054 2929 multumque
1076 2845 1118 2910 ad
1142 2870 1194 2912 eos
1216 2871 1294 2914 mer-

198 2951 319 3011 catores
335 2946 494 3010 ventitaut
511 2954 544 3011 et
563 2945 622 3030 ipsi
643 2952 770 3030 propter
789 2944 1055 3029 propinquitatem
1072 2946 1202 3012 Gallicis
1220 2959 1294 3014 suut

196 3045 335 3110 moribus
365 3045 548 3111 adsuefacti.
604 3044 674 3109 Hos
702 3066 798 3128 quum
827 3042 931 3120 Suevi,
955 3045 1063 3110 multis
1091 3068 1176 3130 saepc
1202 3047 1294 3114 belbs

195 3146 317 3231 experti
342 3154 469 3232 propter
487 3143 725 3231 amplitudinem
747 3143 994 3228 gravitatemque
1016 3145 1162 3222 civitatis,
1180 3144 1293 3214 finibus

195 3246 349 3331 expellere
374 3269 437 3311 nou
464 3245 648 3332 potuissent,
675 3254 781 3309 tamen
805 3243 973 3329 vectigales
999 3245 1058 3311 sibi
1085 3246 1226 3312 fecerunt
1254 3271 1291 3313 ac

194 3346 294 3412 multo
309 3347 487 3412 humiliores
503 3343 745 3429 infirmioresque
760 3344 957 3430 redegerunt.

239 3446 301 3516 IV.
339 3448 375 3513 Iu
405 3447 514 3512 cadem
546 3469 656 3511 caussa
685 3446 811 3510 filerunt
841 3444 991 3531 Usipetes
1021 3454 1054 3511 et
1087 3446 1290 3528 Tenchtheri,

195 3571 272 3633 quos
289 3548 543 3635 supradiximus,
563 3546 615 3631 qui
634 3547 807 3632 complures
826 3568 924 3611 anuos
946 3545 1119 3612 Suevorum
1137 3549 1201 3613 vim
1224 3572 1290 3615 sus·

193 3649 374 3723 tinuerunt;
398 3649 438 3713 ad
458 3657 633 3713 extremum
656 3656 763 3713 tamen
783 3646 866 3732 agris
889 3647 1011 3733 expulsi
1032 3656 1064 3713 et
1086 3648 1195 3714 multis
1210 3649 1290 3713 Ger-

192 3749 304 3813 mauiae
320 3749 395 3814 locis
416 3750 584 3814 triennium
599 3749 705 3833 vagati
726 3747 768 3812 ad
792 3747 937 3812 Rhenum
959 3757 1186 3833 pervenerunt:
1211 3773 1290 3833 quas

131 3887 134 3894 ·
193 3850 333 3935 regiones
356 3849 495 3935 Menapii
522 3849 698 3914 incolebant
723 3848 816 3913 etad
839 3857 1004 3932 utramque
1031 3849 1131 3933 ripam
1153 3846 1289 3915 fluminis

190 3972 291 4034 agros,
304 3947 435 4015 aedificia
445 3949 589 4034 vicosque
599 3950 778 4022 habebant;
798 3947 853 4014 sed
866 3955 963 4013 tantae
976 3948 1186 4014 multitudiuis
1198 3949 1288 4014 aditu

190 4051 357 4135 perterriti,
374 4073 414 4114 ex
428 4051 477 4116 his
491 4048 637 4126 adificiis,
654 4073 722 4134 quae
742 4057 829 4114 trans
852 4045 967 4112 flumen
988 4049 1171 4125 habuerant,
1188 4049 1287 4114 demi·

189 4159 358 4234 graverunt
389 4158 432 4228 et,
469 4153 514 4216 cis
547 4149 693 4215 Rhenum
729 4149 887 4231 dispositis
922 4149 1083 4234 praesidiis,
1114 4148 1287 4216 Germanos

189 4251 322 4316 transire
349 4251 565 4337 prohibebant.
623 4251 684 4326 Illi,
711 4250 817 4315 omnia
846 4250 978 4334 experti,
1006 4272 1101 4334 quum
1127 4272 1226 4333 neque
1254 4250 1285 4314 vi

189 4351 377 4415 contendere
414 4359 541 4437 propter
574 4352 711 4436 inopiam
742 4351 879 4428 navium,
910 4372 1009 4433 neque
1042 4350 1121 4415 clam
1153 4350 1285 4416 transire

189 4459 316 4537 propter
345 4452 504 4517 custodias
535 4450 756 4536 Menapiorum
782 4457 918 4535 possent,
947 4450 1061 4514 reverti
1088 4473 1121 4516 se
1150 4449 1183 4514 iu
1215 4472 1287 4516 suas

188 4551 277 4616 sedes
307 4552 507 4636 regionesque
535 4550 780 4616 simulaverunt:
814 4557 846 4614 et
879 4549 975 4613 tridui
1008 4551 1091 4614 viam
1120 4551 1284 4636 progressi,

188 4674 294 4717 rursus
317 4660 512 4716 reverterunt
539 4659 643 4735 atque,
671 4650 754 4714 omni
775 4651 834 4713 hoc
858 4649 969 4714 itinere
998 4673 1061 4714 una
1085 4658 1178 4714 nocte
1200 4652 1284 4737 equi·

187 4759 258 4818 tatu
282 4752 432 4829 confecto,
451 4751 564 4817 inscios
586 4751 843 4836 inopinantesque
868 4751 1033 4835 Menapios
1052 4760 1282 4836 oppresserunt,

186 4854 249 4937 qui,
289 4854 327 4918 de
367 4852 593 4918 Germanorum
629 4851 766 4918 discessu
802 4875 858 4937 per
890 4851 1101 4937 exploratores
1138 4851 1283 4918 certiores
