2886 5378
595 890 887 948 raonnnonnnn.
1215 879 1292 949 lxix

194 1051 235 1115 ad
264 1075 297 1118 se
321 1054 471 1118 mitteret.
524 1053 726 1138 Colloquendi
743 1053 858 1119 Caesari
881 1076 989 1119 caussa
1012 1055 1079 1120 risa
1101 1079 1162 1121 non
1186 1067 1243 1140 est,
1259 1069 1291 1125 et

194 1176 230 1216 eo
248 1155 356 1239 magis,
372 1154 454 1238 quod
472 1155 570 1239 pridie
586 1154 651 1240 ejus
676 1155 737 1218 diei
754 1154 901 1217 Germani
917 1155 1043 1220 retineri
1056 1179 1118 1220 non
1134 1165 1289 1243 poterant,

193 1255 266 1336 quin
283 1254 315 1318 in
331 1263 451 1319 nostros
466 1255 527 1319 tela
543 1253 739 1342 conjicerent.
794 1255 947 1338 Legatum
965 1278 1004 1318 ex
1020 1256 1084 1321 suis
1095 1280 1160 1322 sese
1176 1282 1290 1344 magno

194 1377 264 1419 eum
290 1355 425 1440 periculo
449 1356 489 1420 ad
520 1379 592 1420 enm
617 1357 793 1431 missurum,
821 1362 853 1418 et
882 1356 1057 1422 hominibus
1085 1357 1159 1424 feris
1188 1357 1290 1445 objec-

196 1463 299 1521 tumm
332 1455 544 1521 existimabat.
601 1455 895 1520 Commodissimum
928 1456 1027 1521 visum
1059 1465 1120 1532 est,
1154 1458 1190 1524 C.
1222 1460 1289 1525 Va-

194 1554 302 1619 lerium
321 1556 503 1632 Procillum,
520 1557 555 1622 C.
573 1556 692 1621 Valerii
709 1555 823 1623 Caburi
852 1555 958 1632 lilium,
975 1580 1097 1623 summa
1111 1560 1228 1625 virtute
1255 1570 1287 1628 et

192 1654 388 1721 humanitate
412 1657 640 1723 adolescentem
671 1657 774 1744 (cujus
800 1665 891 1743 pater
911 1680 931 1721 a
957 1658 993 1722 C.
1013 1657 1142 1724 Valerio
1171 1660 1286 1728 Flacco

192 1755 321 1822 civitate
344 1757 478 1821 donatus
502 1757 596 1842 erat),
623 1768 656 1823 et
681 1767 809 1844 propter
832 1756 936 1835 fidem,
960 1768 991 1824 et
1018 1769 1146 1846 propter
1171 1761 1285 1848 lingna

192 1856 320 1921 Gallica
343 1858 515 1936 scientiam,
542 1882 603 1942 qua
624 1860 725 1923 multa
739 1856 808 1943 jam
831 1857 1010 1924 Ariovistus
1030 1860 1196 1946 longinqua
1211 1886 1285 1928 con-

190 1959 354 2023 suetudine
370 1959 527 2038 utebatur,
550 1970 583 2024 et
603 1959 685 2043 quod
708 1959 738 2023 in
764 1982 800 2022 eo
822 1959 971 2044 peccandi
995 1960 1159 2027 Germanis
1175 1986 1285 2030 caussa

189 2079 250 2122 non
282 2068 373 2137 esset,
399 2060 439 2124 ad
469 2084 540 2124 enm
569 2061 702 2137 mittere,
729 2067 761 2124 et
791 2060 839 2123 M.
871 2059 1034 2136 Mettium,
1062 2062 1113 2144 qui
1147 2063 1283 2149 hospitio

190 2158 342 2224 Ariovisti
355 2184 428 2227 usus
439 2168 517 2225 erat.
564 2160 625 2225 His
636 2160 807 2237 mandavit,
820 2170 866 2234 nt,
879 2183 946 2244 quae
958 2161 1074 2226 diceret
1089 2161 1279 2240 Ariovistus,

188 2269 408 2345 cognoscerent
434 2271 466 2326 et
492 2261 533 2326 ad
560 2284 592 2326 se
620 2261 779 2326 referrent.
838 2261 923 2343 Quos
950 2285 1045 2345 quum
1076 2262 1159 2346 apud
1189 2287 1222 2328 se
1248 2266 1282 2329 in

189 2361 297 2426 castris
323 2361 502 2428 Ariovistus
527 2363 749 2447 conspexisset,
778 2362 917 2425 exercitu
939 2384 994 2426 suo
1019 2373 1182 2447 praesente,
1207 2387 1278 2428 con·

191 2457 357 2527 clamavit:
384 2462 497 2544 “Quid
522 2463 564 2527 ad
590 2486 622 2527 se
648 2463 808 2527 venirent?
845 2463 897 2525 An
920 2461 1099 2546 speculandi
1121 2464 1281 2529 caussal”

190 2556 338 2627 Conantis
353 2564 453 2627 dicere
472 2563 628 2648 prohibuit
643 2572 674 2627 et
691 2562 721 2626 in
740 2571 866 2626 catenas
880 2560 1019 2647 conjecit.

235 2660 401 2729 XLVIII.
436 2664 557 2728 Eodem
594 2663 644 2727 die
680 2673 782 2728 castra
809 2663 963 2748 promovit
989 2672 1020 2727 et
1047 2663 1183 2729 millibus
1208 2688 1278 2750 pas·

189 2782 279 2824 suum
306 2785 361 2827 sex
385 2787 404 2828 a
430 2765 560 2830 Caesaris
582 2765 691 2829 castris
708 2764 765 2829 sub
786 2771 892 2828 monte
918 2764 1068 2828 consedit.
1120 2764 1278 2831 Postridie

188 2859 254 2946 ejus
281 2862 341 2927 diei
368 2873 479 2951 praeter
506 2875 608 2929 castra
635 2865 766 2930 Caesaris
797 2887 868 2930 suas
901 2864 1005 2948 copias
1036 2866 1216 2930 transduxit
1245 2873 1277 2931 et

187 2962 321 3028 millibus
344 2987 488 3048 passuum
508 2964 628 3030 duobus
649 2965 733 3029 ultra
755 2988 825 3029 eum
849 2964 1055 3040 assuefecit,
1080 2989 1115 3028 eo
1139 2967 1276 3044 consilio,

185 3063 232 3126 uti
256 3064 413 3129 frumento
435 3073 680 3150 commeatuque,
704 3065 756 3149 qui
779 3088 818 3129 ex
840 3063 990 3148 Sequanis
1012 3073 1044 3129 et
1069 3065 1186 3129 AEduis
1206 3088 1277 3151 sup-

185 3173 372 3246 portaretur,
390 3165 542 3231 Caesarem
560 3167 790 3230 intercluderet.
842 3165 894 3229 Ex
911 3188 946 3228 eo
963 3165 1013 3228 die
1030 3165 1094 3229 dies
1115 3165 1277 3231 continuos

185 3266 318 3350 quinque
347 3264 449 3332 Caesar
474 3291 529 3352 pro
559 3268 668 3331 castris
699 3289 771 3331 suas
800 3267 904 3351 copias
932 3264 1080 3350 produxit
1112 3275 1144 3329 et
1176 3266 1275 3330 aciem

185 3363 368 3432 instructam
391 3368 509 3444 habuit,
524 3378 570 3445 ut,
589 3368 614 3432 si
632 3367 725 3432 vellet
749 3366 925 3430 Ariovistus
948 3366 1053 3450 proelio
1077 3364 1274 3444 contendere,

184 3465 211 3528 ei
226 3474 364 3550 potestas
381 3490 442 3531 non
458 3468 588 3533 deesset.
640 3467 819 3531 Ariovistus
834 3466 883 3529 his
897 3466 1040 3530 omnibus
1060 3465 1168 3529 diebus
1186 3487 1276 3529 exer-

183 3564 281 3630 citum
308 3568 419 3633 castris
444 3569 617 3643 continuit:
643 3568 778 3650 equestri
806 3566 910 3651 proelio
937 3565 1074 3648 qnotidie
1101 3565 1273 3631 contendit.

183 3663 290 3732 Genus
305 3668 363 3733 hoc
375 3676 442 3733 erat
454 3691 576 3754 pugnae,
588 3690 647 3753 quo
662 3690 694 3732 se
706 3667 855 3731 Germani
868 3674 1081 3730 exercuerant.
1121 3665 1274 3749 Equitum

183 3766 280 3832 millia
313 3778 402 3834 erant
432 3791 508 3834 sex:
547 3770 679 3834 totidem
710 3790 838 3832 numero
869 3766 990 3851 pedites
1022 3766 1203 3831 velocissimi
1236 3791 1273 3831 ac

182 3866 361 3943 fortissimi;
385 3892 462 3954 qnos
489 3893 529 3934 ex
552 3869 636 3934 omni
667 3868 756 3954 copia
781 3868 892 3952 singuli
912 3865 1058 3951 singulos,
1080 3889 1142 3930 snae
1164 3867 1274 3931 salutis

182 3987 297 4044 caussa,
323 3970 511 4057 delegerant.
557 3971 636 4036 Cum
660 3970 708 4034 his
730 3970 760 4032 in
784 3967 897 4053 proeliis
919 3967 1131 4043 versabantur,
1152 3967 1194 4031 ad
1217 3967 1274 4032 hos

183 4089 215 4131 se
232 4069 350 4153 equites
365 4071 576 4157 recipiebant:
601 4071 644 4146 hi,
665 4069 691 4134 si
713 4069 787 4154 quid
808 4076 875 4132 erat
894 4067 1009 4145 durius
1026 4069 1269 4132 concurrebant:

183 4167 289 4252 siqui,
313 4173 454 4257 graviore
475 4172 599 4236 vnlnere
621 4177 757 4254 accepto,
780 4192 859 4252 equo
880 4166 1049 4242 deciderat,
1065 4168 1273 4233 circumsiste-

182 4267 277 4333 bant:
302 4271 328 4336 si
351 4295 411 4355 quo
438 4280 504 4337 erat
528 4272 649 4357 longius
671 4269 896 4355 prodeundum,
920 4274 975 4331 aut
1005 4268 1134 4333 celerius
1162 4269 1272 4353 recipi-

181 4369 306 4448 endum,
335 4380 426 4436 tanta
452 4382 519 4437 erat
546 4374 657 4437 horum
685 4370 908 4435 exercitatione
935 4368 1087 4447 celeritas,
1116 4377 1163 4446 ut,
1183 4367 1272 4455 jubis

179 4492 328 4553 equorum
343 4472 505 4552 sublevati,
522 4496 645 4537 cursum
660 4472 869 4555 adaquarent.

226 4571 359 4636 XLIX.
394 4572 461 4637 Ubi
484 4570 556 4637 eum
577 4573 685 4637 castris
713 4596 746 4637 se
777 4580 882 4635 tenere
905 4569 1009 4635 Caesar
1034 4568 1199 4646 intellexit,
1233 4591 1269 4632 ns

179 4670 298 4737 diutins
326 4681 503 4738 commeatu
532 4672 755 4758 prohiberetur,
785 4672 868 4736 ultra
900 4691 971 4733 eum
1000 4669 1112 4747 locum,
1146 4692 1207 4753 quo
1238 4669 1270 4731 in

178 4771 246 4836 loco
270 4772 418 4837 Germani
440 4773 653 4849 consederant,
681 4773 802 4837 circiter
825 4792 934 4857 passus
960 4778 1123 4834 sexcentos
1147 4770 1188 4832 ab
1216 4767 1270 4844 eis,

178 4872 290 4938 castris
312 4872 458 4939 idoneum
481 4874 582 4940 locum
611 4873 736 4961 delegit,
759 4872 884 4956 acieque
905 4870 1020 4955 triplici
1045 4872 1206 4946 instructa,
1230 4866 1271 4932 ad
1370 4932 1373 4936 Α
