2886 5378
573 852 849 908 nrrnnoonaua.
1028 926 1037 946 ἢ
1223 839 1258 906 ix

209 1014 247 1079 In
270 1014 402 1080 Scanzia
431 1037 502 1080 vero
525 1015 637 1092 insula,
661 1013 744 1078 unde
762 1012 851 1079 uobis
867 1033 968 1079 sermo
987 1019 1044 1090 est,
1063 1012 1136 1078 licet
1153 1012 1260 1078 multa

163 1124 195 1179 et
221 1115 349 1180 diversae
373 1123 520 1181 maneant
548 1115 699 1191 nationes,
728 1124 847 1199 septem
877 1120 982 1178 tamen
1009 1136 1115 1178 samm
1135 1114 1262 1180 nomina

164 1216 306 1280 meminit
341 1216 539 1284 Ptolemaeus.
602 1215 640 1279 In
670 1212 760 1300 cujus
789 1222 877 1299 parte
903 1223 1010 1278 arctoa
1037 1236 1113 1300 gens
1139 1213 1261 1300 Adogit

165 1315 316 1393 consistit,
339 1341 407 1402 quae
428 1318 527 1382 fertur
547 1317 578 1381 in
603 1324 711 1380 aestate
738 1314 842 1379 media
866 1314 1074 1400 quadraginta
1095 1315 1204 1380 diebus
1229 1323 1262 1378 et

166 1417 310 1481 noctibus
335 1417 419 1482 luces
438 1416 553 1482 habere
578 1416 761 1490 continuas,
790 1415 928 1500 itemque
954 1414 1086 1480 brumali
1111 1424 1261 1500 tempore,

167 1516 275 1581 eodem
292 1517 411 1582 diemm
427 1518 623 1602 noctiumque
639 1538 768 1581 numero
783 1516 884 1580 lucem
900 1515 1015 1580 claram
1031 1516 1157 1581 nescire.
1211 1515 1264 1582 lta

167 1616 321 1682 alternato
336 1641 464 1683 moerore
480 1640 550 1682 cum
565 1617 692 1704 gaudio,
708 1613 857 1680 beneficio
880 1615 949 1681 aliis
966 1616 1140 1701 damnoque
1161 1616 1262 1702 impar

169 1726 227 1782 est.
272 1717 316 1783 Et
342 1720 401 1783 hoc
427 1720 542 1803 quare!
603 1716 686 1798 Quia
710 1715 929 1801 prolixioribus
956 1716 1066 1782 diebus
1095 1717 1192 1782 solem
1221 1717 1262 1782 ad

168 1818 317 1883 orientem
341 1843 395 1904 per
421 1820 489 1884 axis
511 1817 683 1902 marginem
709 1815 817 1881 vident
843 1815 1044 1881 redeuntem:
1072 1817 1264 1884 brevioribus

169 1940 241 1983 vero
267 1942 327 1983 non
353 1919 396 1986 sio
420 1918 615 2003 conspicitur,
622 1916 706 2002 apud
724 1918 801 1991 ilios,
818 1916 871 1981 sed
887 1917 999 1992 aliter;
1024 1917 1096 2002 quia
1112 1918 1265 1983 Austrina

168 2020 256 2104 signa
278 2020 439 2104 percurrit,
459 2028 491 2084 et
514 2018 564 2103 qui
586 2018 676 2082 nobis
691 2017 815 2081 videtur
834 2017 879 2082 sol
903 2017 943 2081 ab
964 2017 1027 2081 imo
1051 2039 1184 2103 surgere,
1203 2018 1265 2084 illis

169 2142 223 2203 per
247 2129 336 2184 terrae
360 2120 532 2204 marginem
556 2118 671 2183 dicitur
696 2118 834 2182 circuire.
886 2117 968 2181 Alia
991 2140 1065 2182 vero
1088 2118 1130 2182 ibi
1155 2128 1265 2204 gentes

170 2220 339 2296 Orefeunae,
356 2221 407 2305 qui
430 2221 654 2284 frumentorum
682 2239 743 2281 non
765 2218 931 2301 quaeritant
955 2217 1089 2282 victum:
1120 2218 1175 2283 sed
1198 2241 1263 2283 car·

170 2319 261 2383 nibus
295 2321 429 2384 ferarum
462 2328 555 2403 atque
580 2319 686 2383 avium
717 2317 837 2383 vivunt.
899 2317 965 2383 Ubi
988 2326 1077 2383 tanta
1099 2319 1265 2403 paludibus

170 2418 282 2484 foetura
306 2420 440 2505 ponitur,
459 2430 494 2485 ut
520 2429 552 2483 et
580 2428 782 2504 augmentum
811 2426 958 2503 praestent
980 2419 1095 2504 generi,
1118 2431 1150 2483 et
1173 2420 1265 2484 satie·

171 2527 269 2583 tatem
285 2543 321 2584 ac
337 2521 456 2605 copiam
469 2520 566 2604 genti.
612 2518 686 2582 Alia
701 2541 773 2583 vero
787 2542 864 2604 gens
877 2519 920 2582 ihi
938 2527 1077 2584 moratur
1098 2520 1266 2596 Suethans,

172 2643 240 2702 quar
258 2621 341 2684 velut
357 2619 519 2705 Thuringi,
536 2619 622 2704 equis
639 2626 772 2683 utuntur
793 2618 925 2685 eximiis.
972 2618 1016 2684 Hi
1039 2643 1160 2704 quoque
1182 2630 1265 2697 sunt,

171 2721 223 2803 qui
248 2721 279 2784 in
304 2743 377 2785 usus
399 2721 610 2784 Romanorum
626 2718 807 2804 Saphirinas
822 2719 917 2804 pelles
932 2720 1115 2785 commercio
1132 2720 1268 2785 interve-

173 2821 276 2884 niente
292 2844 346 2905 per
360 2820 436 2885 alias
451 2820 628 2884 innumeras
641 2829 750 2905 gentes
767 2820 996 2894 transmittunt,
1013 2819 1122 2886 famosi
1140 2820 1266 2905 pellium

173 2920 284 2985 decora
308 2920 475 3006 nigredine.
523 2920 568 2984 Hi
599 2943 694 3004 quum
722 2919 829 3006 inopes
852 2920 972 2999 vivunt,
996 2919 1148 2986 ditissime
1174 2921 1267 2987 vesti·

174 3031 278 3085 untur.
324 3020 503 3106 Sequuntur
518 3020 629 3086 deinde
652 3020 842 3085 diveraamm
864 3021 963 3085 turbae
979 3021 1149 3099 nationum,
1165 3021 1268 3086 Theu-

175 3122 271 3196 sthes,
301 3120 440 3207 Vagoth,
470 3120 593 3208 Bergio,
625 3120 745 3197 Hallin,
779 3119 936 3200 liothida,
965 3144 1095 3206 quorum
1129 3122 1267 3187 omnium

172 3222 260 3287 sedes
288 3222 346 3287 sub
369 3220 464 3287 humo
491 3221 584 3307 plana
607 3244 644 3286 ae
666 3220 771 3296 fertili,
796 3228 829 3285 et
851 3232 1015 3307 propterea
1037 3222 1113 3287 inibi
1137 3222 1267 3288 aliarum

172 3322 312 3407 gentium
337 3322 562 3387 incursionibus
585 3321 780 3387 infestantur.
826 3321 904 3387 Post
928 3321 985 3387 hos
1010 3321 1163 3399 Athoiuil,
1192 3323 1269 3388 Fin-

173 3423 302 3496 uaithae‚
320 3421 440 3499 Fcrrir,
457 3422 641 3507 Gautigoth,
659 3443 730 3485 acre
751 3421 912 3486 hominum
934 3444 1042 3506 genus,
1065 3431 1098 3487 st
1124 3421 1165 3487 ad
1187 3423 1269 3489 balla

174 3523 446 3607 promptissimum.
482 3521 604 3586 Dehine
621 3521 713 3586 mixti
731 3520 881 3605 Evagerae
899 3520 1055 3608 Othingis.
1102 3522 1147 3588 Hi
1162 3545 1269 3590 omnes

176 3624 275 3687 exesis
289 3622 427 3707 rupibus,
445 3621 531 3707 quasi
547 3620 681 3686 castellis
703 3621 891 3698 inhabitant,
914 3620 978 3686 ritu
1001 3622 1135 3688 beluino.
1187 3622 1269 3689 Sunt

175 3745 214 3785 ex
232 3723 280 3786 his
295 3723 463 3787 exteriores
478 3721 685 3807 Ostrogothus,
706 3720 912 3796 Raumaricm,
938 3720 1148 3809 Raugnaricii,
1175 3724 1268 3789 Finui

178 3821 343 3899 mitissimi,
368 3821 506 3886 Scanaiae
535 3821 707 3887 cultoribus
732 3821 875 3887 omuibus
900 3821 1059 3889 mitiores:
1095 3846 1212 3889 necnon
1236 3834 1269 3889 et

178 3944 267 4005 pares
280 3944 387 3987 eorum
405 3921 602 3997 Vinoviloth,
625 3920 781 3996 suethidi,
807 3922 923 4008 Oogeni
945 3923 977 3987 in
999 3922 1058 3987 hac
1079 3933 1173 4010 gente
1198 3925 1269 3990 reli·

178 4021 246 4105 quis
271 4043 397 4108 corpore
418 4021 645 4100 eminentiores,
661 4021 803 4106 quamvis
817 4032 849 4087 et
867 4022 950 4087 Dani
966 4045 1006 4088 ex
1021 4024 1157 4109 ipsomm
1172 4026 1268 4112 stirpe

178 4123 338 4207 progressi,
357 4123 471 4188 Erulos
486 4122 616 4207 propriis
630 4122 754 4187 sedibus
769 4123 972 4208 expulerunt:
998 4125 1049 4209 qui
1067 4124 1149 4189 inter
1163 4149 1270 4194 omues

178 4221 315 4286 Scanziae
330 4225 471 4288 nationes
486 4245 596 4287 nomen
612 4222 670 4288 sibi
687 4223 728 4287 ob
744 4223 871 4287 nimiam
888 4223 1106 4308 proceritatem
1121 4225 1269 4293 affectant

178 4323 376 4408 praecipuum.
433 4322 514 4388 Sunt
545 4344 723 4407 quanquam
752 4331 785 4387 et
809 4323 931 4388 iliorum
959 4325 1098 4410 positura
1125 4325 1268 4405 Grannii,

179 4423 337 4509 Aganziae,
369 4423 494 4502 Unixae,
527 4422 702 4510 Ethehugi‚
728 4423 947 4502 arochiranni,
972 4425 1083 4511 quibus
1109 4450 1172 4492 non
1196 4437 1271 4494 ante

176 4546 292 4602 omnes,
311 4525 365 4590 sed
381 4534 453 4589 ante
468 4525 584 4589 multos
598 4546 696 4589 annos
710 4523 832 4589 Rodulf
842 4547 898 4589 rex
913 4524 993 4591 fuit:
1022 4527 1075 4612 qui
1091 4536 1270 4614 contempto

177 4625 301 4710 proprio
316 4647 420 4710 regno,
436 4625 477 4690 ad
493 4624 677 4689 Theoderici
693 4623 868 4690 Gothorum
884 4625 964 4711 regis
985 4628 1137 4713 gremium
1160 4652 1271 4694 convo·

178 4725 265 4801 lavit,
282 4733 314 4790 et
328 4734 363 4789 ut
379 4725 587 4799 desiderabat,
603 4724 731 4790 invenit.
777 4724 841 4789 Hae
858 4725 963 4810 itaque
986 4736 1096 4813 gentes
1122 4729 1272 4795 Romanis

179 4847 305 4911 corpore
322 4833 354 4890 et
370 4828 474 4891 animo
489 4824 678 4911 grandiores,
694 4825 813 4891 infesta
829 4825 948 4892 saevitia
963 4850 1085 4913 pugnre.
