2886 5378
191 783 278 853 xxvi
466 798 542 854 nnn
568 798 748 855 annuant
773 798 822 856 or
847 799 1013 858 sacrans.

192 965 326 1035 utentes,
348 965 417 1023 arte
437 959 572 1043 quadam
597 960 681 1045 ligno
705 960 842 1039 incurvo,
859 959 902 1025 ad
924 982 1014 1025 arcus
1038 959 1283 1036 similitudinem,

191 1059 274 1125 feras
297 1072 512 1143 assequuntur.
557 1060 656 1147 Apud
682 1061 740 1126 hos
762 1068 810 1125 est
833 1061 961 1136 animal,
977 1083 1038 1125 non
1053 1060 1130 1126 satis
1143 1061 1284 1126 absimile

192 1182 293 1236 cervo,
310 1158 349 1223 de
367 1158 455 1246 cnjus
468 1182 526 1246 ego
540 1161 635 1237 corio,
650 1170 686 1226 ut
708 1161 810 1226 fuerat
833 1161 904 1247 pilis
924 1161 1091 1246 hispidum,
1110 1168 1227 1226 vestem
1251 1161 1285 1225 in

191 1260 320 1325 modum
337 1259 462 1336 tunicae,
479 1283 560 1346 genn
575 1268 666 1327 tenus
686 1270 828 1347 aptatam
850 1261 1006 1346 conspexi,
1027 1259 1106 1326 sicut
1126 1257 1195 1345 jam
1217 1261 1284 1337 fati,

192 1367 230 1425 ut
253 1360 387 1426 relatum
415 1369 473 1437 est,
500 1360 667 1427 Scritobini
696 1369 837 1427 utuntur.
894 1361 1014 1443 Quibus
1041 1361 1074 1425 in
1099 1360 1174 1425 loeis
1202 1361 1286 1426 circa

193 1459 330 1527 aestivale
357 1460 535 1541 solstitium,
564 1484 620 1548 per
642 1462 760 1547 aliquot
783 1462 858 1541 dies,
879 1462 974 1526 etiam
997 1470 1093 1527 noctu
1116 1461 1286 1527 clarissima

194 1562 250 1625 lux
267 1561 413 1639 cernitur,
431 1560 557 1646 diesque
572 1561 615 1628 ibi
629 1563 729 1627 multo
745 1560 886 1650 majores,
904 1585 997 1647 qnam
1015 1562 1089 1627 alibi
1110 1562 1283 1626 habentur:

193 1662 274 1727 sicut
297 1661 502 1737 econtrario,
518 1663 600 1727 circa
623 1662 762 1728 brumale
786 1662 962 1740 solstitium,
983 1663 1125 1747 quamvis
1143 1661 1205 1727 diei
1228 1663 1286 1726 lux

193 1761 288 1838 adsit,
300 1762 346 1827 sol
361 1770 468 1827 tamen
482 1761 525 1827 ibi
540 1785 602 1827 non
611 1761 744 1842 videtur,
758 1762 885 1848 diesque
900 1762 1030 1843 minimi,
1046 1786 1139 1848 qnam
1153 1785 1285 1846 usquam

193 1862 278 1939 alibi,
293 1869 401 1928 noctes
414 1885 536 1947 quoque
550 1862 702 1948 longiores
719 1863 869 1928 existunt.
920 1863 1002 1945 Quia
1026 1863 1144 1929 scilicet
1167 1870 1285 1948 quanto

192 1962 292 2048 magis
315 1985 335 2027 a
355 1962 418 2028 sole
441 1963 563 2048 longius
583 1962 761 2041 disceditur,
783 1970 872 2028 tanto
895 1965 941 2029 sol
963 1965 1029 2049 ipse
1052 1971 1142 2029 terrae
1156 1963 1286 2029 vicinior

75 2138 80 2145 Ι
192 2069 333 2149 apparet,
349 2070 381 2128 et
404 2063 523 2128 umbrae
543 2063 697 2149 longiores
715 2071 909 2130 excrescunt.
956 2063 1099 2148 Denique
1121 2064 1153 2129 in
1178 2063 1283 2140 Italia,

192 2163 274 2228 sieut
302 2171 334 2228 et
348 2164 469 2247 antiqui
483 2163 682 2251 scripserunt,
697 2164 779 2242 circa
793 2163 876 2229 diem
890 2164 1004 2229 natalis
1019 2164 1156 2244 Domini,
1172 2186 1284 2229 novem

191 2263 287 2348 pedes
301 2263 334 2328 in
348 2264 460 2329 umbra
475 2272 603 2330 stature
616 2263 761 2328 humanae
781 2263 859 2329 hora
879 2272 970 2330 sexta
988 2264 1170 2332 metiuntur.
1215 2264 1286 2350 Ego

192 2371 299 2428 antem
313 2363 345 2429 in
363 2363 467 2429 Gallia
481 2364 617 2450 Belgica,
635 2365 668 2429 in
682 2365 750 2429 loco
766 2365 818 2448 qni
836 2364 967 2430 Totonia
980 2365 1054 2430 villa
1069 2364 1195 2440 dicitur,
1211 2387 1286 2429 con-

192 2464 333 2544 stitutus,
363 2472 465 2530 status
492 2464 553 2529 mei
579 2464 722 2529 umbram
750 2464 892 2542 metiens,
918 2464 1027 2530 decem
1055 2473 1087 2530 et
1111 2487 1223 2530 novem
1249 2473 1283 2530 et

193 2565 287 2631 semis
308 2564 403 2650 pedes
424 2565 539 2630 inveni.
590 2563 644 2629 Sic
658 2588 778 2650 quoque
793 2565 947 2630 contrario
964 2565 1067 2644 modo,
1083 2573 1198 2650 quanto
1213 2587 1285 2650 pro-

193 2665 338 2751 pinquius
362 2665 523 2730 meridiem
538 2688 644 2731 versus
664 2666 705 2730 ad
725 2667 821 2732 solem
839 2665 1006 2745 acceditur,
1022 2673 1147 2730 tantum
1164 2687 1284 2750 semper

192 2766 310 2830 nmbrae
333 2764 490 2831 breviores
514 2765 678 2840 videntum
715 2766 748 2831 in
774 2774 908 2845 tantum,
935 2777 973 2831 ιιι
997 2765 1129 2831 solstitio
1153 2764 1284 2831 aestivali

192 2865 363 2950 respirante
384 2866 448 2932 sole
470 2865 510 2930 de
527 2866 630 2931 medio
644 2866 721 2944 coeli,
737 2867 770 2931 in
786 2867 934 2953 AEgypto
949 2875 981 2931 et
997 2865 1233 2952 Hierosolymis,
1250 2873 1284 2929 et

191 2965 225 3030 in
250 2988 355 3030 eorum
379 2965 539 3030 vicinitate
562 2966 740 3032 constitutis
760 2967 847 3045 locis,
860 2967 952 3032 nullae
975 2966 1141 3032 videantur
1154 2965 1283 3031 umbrae.

194 3064 234 3129 In
249 3064 369 3128 Arabia
383 3087 454 3130 vero
471 3065 530 3129 hoc
550 3067 617 3151 ipso
639 3074 777 3152 tempore
800 3067 846 3131 sol
867 3089 961 3151 supra
981 3065 1120 3131 medium
1142 3065 1218 3142 coeli,
1241 3064 1283 3129 ad

194 3172 317 3252 partem
331 3164 483 3248 aquilonis
503 3166 650 3243 eemitnr,
673 3168 851 3249 umbraque
868 3188 956 3231 versa
969 3165 1037 3230 vice
1059 3174 1168 3231 contra
1190 3164 1283 3229 meri·

193 3265 276 3331 diem
290 3264 445 3329 videntur.

239 3365 302 3430 Vl.
325 3365 392 3429 Nec
420 3365 497 3431 satis
525 3367 632 3452 procul
661 3365 701 3430 ab
730 3365 789 3430 hoc
811 3365 851 3430 de
873 3388 933 3449 quo
956 3365 1159 3451 praemisimus
1179 3365 1281 3440 litore,

192 3474 302 3532 contra
325 3465 548 3531 occidentalem
571 3473 780 3552 partemque
801 3465 867 3531 aine
890 3464 952 3531 fine
977 3466 1136 3531 Oceanum
1157 3466 1283 3551 pelagos

193 3576 293 3654 patet,
318 3565 558 3651 profundissima
582 3589 732 3651 aquarum
752 3567 806 3631 illa
827 3590 941 3653 vorago
969 3574 1026 3645 est,
1051 3589 1145 3650 quam
1168 3566 1283 3631 uutato

193 3667 318 3733 nomine
341 3666 436 3732 maris
454 3666 636 3732 umbilicum
656 3689 814 3743 vocamus,
836 3691 904 3752 quae
928 3666 1020 3732 bisin
1037 3667 1086 3731 die
1101 3664 1214 3731 fluctus
1229 3665 1284 3729 ab·

193 3769 327 3844 sorbere,
353 3775 385 3832 et
410 3789 533 3833 rursum
557 3790 699 3832 evomere
724 3765 855 3832 dicitur:
880 3768 961 3832 sicut
984 3790 1040 3851 per
1062 3767 1205 3831 universa
1229 3765 1284 3830 illa

193 3869 295 3945 litora,
313 3867 534 3933 accedentibus
549 3875 582 3932 et
604 3866 820 3932 recedentibus
835 3864 991 3942 fluctibns,
1010 3866 1167 3931 celeritate
1188 3865 1286 3931 nimia

194 3966 260 4033 fieri
282 3968 509 4052 comprobatur.
556 3964 746 4052 Hujusmodi
767 3990 881 4053 vorago
903 3967 967 4032 sive
989 3966 1121 4053 vertigo,
1147 3989 1168 4031 a
1192 3973 1286 4052 poeta

196 4067 329 4154 Virgilio
351 4067 527 4155 Charybdis
547 4066 731 4152 appellatur,
755 4090 847 4151 quam
869 4067 921 4132 ille
943 4067 975 4131 in
996 4066 1077 4132 freto
1099 4067 1203 4132 Siculo
1217 4088 1283 4132 esse

194 4190 250 4232 suo
264 4169 296 4232 in
313 4168 449 4233 carmine
464 4167 610 4252 loquitur,
627 4166 686 4231 hoc
702 4167 795 4232 modo
810 4167 933 4235 dicens:

341 4292 496 4346 “Dextrum
508 4291 594 4362 Scylla
604 4292 681 4361 latus,
693 4291 784 4346 larum
797 4291 936 4363 implacata
948 4291 1092 4362 Charybdis

367 4378 485 4447 Obsidet,
496 4389 572 4448 atquc
585 4378 637 4432 imo
649 4378 758 4432 barathri
771 4388 810 4432 ter
820 4379 920 4450 gurgite
932 4388 1016 4432 vastos

367 4464 459 4518 Sorbet
470 4465 497 4518 in
509 4465 644 4538 abruptum
658 4465 759 4532 fluctus,
771 4482 909 4535 rursusque
920 4464 969 4518 sub
980 4482 1054 4517 auras

369 4551 453 4622 Erigit
464 4551 582 4620 alternos,
595 4561 621 4606 et
632 4551 716 4606 nidera
728 4553 842 4606 verberat
854 4551 950 4606 unda.”

193 4657 248 4721 Ab
260 4654 320 4720 hac
335 4676 409 4719 sane
424 4653 463 4719 de
478 4677 539 4738 qua
553 4655 689 4721 diximus
702 4655 863 4742 vertigine,
878 4679 959 4743 saepe
972 4678 1066 4722 naves
1080 4656 1196 4744 raptim
1217 4678 1284 4721 cur·

192 4757 310 4842 simque
326 4755 451 4822 adtrahi
468 4754 671 4836 affirmantur,
687 4763 779 4822 tanta
790 4757 959 4836 celeritate,
977 4765 1012 4822 nt
1027 4758 1212 4842 sagittarum
1229 4779 1284 4843 per

1370 4856 1439 5015 ,q
