2886 5378
475 878 594 935 noras
619 878 671 935 cn
698 876 854 936 sncrron
882 877 989 934 xmn.
1200 863 1271 934 155

176 1039 299 1131 ditque
334 1037 502 1109 Sueviam
538 1038 748 1109 continuum
792 1037 967 1107 montium
1002 1038 1142 1130 jugum,
1178 1037 1273 1108 ultra

175 1157 268 1248 quod
284 1156 445 1248 plurimae
472 1163 599 1249 gentes
615 1163 749 1249 agunt:
776 1177 821 1225 ex
840 1153 968 1246 quibus
985 1151 1156 1224 latissime
1171 1162 1272 1247 patet
1322 1197 1324 1201 ·

176 1272 392 1367 Lygiorum⁵
414 1295 546 1343 nomen
570 1272 608 1342 in
629 1271 749 1364 plures
775 1273 939 1341 civitates
966 1269 1144 1341 diffusum.
1196 1271 1271 1344 Va·

175 1390 388 1462 lectissimas
420 1392 622 1462 nominasse
656 1388 817 1471 sufficiet,
853 1382 986 1475 Ατίοε,6
1021 1386 1271 1472 Helveeonas,'

177 1507 367 1590 Mauimos,
403 1507 552 1601 Elysios,
593 1506 841 1578 Naharvalos.⁸
902 1505 1014 1599 Apud
1049 1504 1272 1577 Naharvalos

176 1626 330 1717 antiquae
345 1624 527 1717 religionis
545 1623 645 1694 lucus
662 1624 871 1695 ostenditur.
924 1621 1095 1693 Praesidet
1110 1624 1273 1694 sacerdos

175 1741 340 1813 muliebri
357 1750 484 1812 ornatu
495 1741 524 1811 :⁹
544 1741 606 1811 sed
624 1739 749 1823 “deos,
765 1740 1058 1832 interpretatione
1070 1737 1273 1824 Romania,¹⁰

175 1858 359 1931 Castorem
372 1857 629 1950 Pollucemque
643 1858 688 1897 ”¹¹
708 1865 918 1928 memorant.
971 1854 1025 1926 Ea
1042 1857 1094 1926 vis
1108 1858 1244 1927 numini
1262 1881 1269 1928 :

173 1999 304 2046 nomen
326 1971 482 2046 Aleisr¹²
504 1974 603 2047 nulla
632 1974 830 2058 simulacra,
846 1973 986 2044 nullum
1004 1975 1198 2066 peregrinae
1215 1998 1272 2044 su-

174 2093 394 2185 perstitionis
423 2093 635 2186 vestigium:
666 2102 708 2162 ut
738 2092 863 2162 fratres
891 2100 1027 2171 tamen,
1056 2100 1097 2161 ut
1119 2092 1271 2182 juvenes

173 2220 398 2280 venerantur.
453 2205 624 2280 Ceterum
655 2207 736 2278 Arii
765 2231 871 2302 super
898 2209 998 2290 vires,
1030 2206 1158 2299 quibus
1185 2231 1270 2278 enu-

174 2335 327 2398 meratos
352 2325 473 2420 paullo
490 2324 575 2398 autb
592 2327 742 2420 populos
762 2326 991 2408 antecedunt,
1009 2335 1138 2407 truces,
1155 2325 1271 2395 insitae

176 2443 309 2516 feritati
343 2453 421 2515 arte
453 2467 495 2515 ac
527 2454 688 2538 tempore
722 2444 992 2515 lenocinantur:
1027 2442 1129 2536 nigra
1159 2452 1270 2529 scuta,

176 2562 290 2632 tincta
307 2585 472 2655 corpora:
499 2571 593 2632 atras
610 2562 653 2632 ad
671 2560 795 2655 proelia
812 2569 936 2631 noctes
952 2559 1097 2653 legunt:
1124 2557 1270 2653 ipsaque

174 2676 365 2747 formidine
388 2687 497 2770 atque
522 2676 649 2748 umbri
674 2676 793 2749 feralis
820 2676 1000 2748 exercitiis
1022 2686 1193 2748 terrorem
1217 2679 1272 2747 in-

174 2792 303 2876 ferunt,
324 2793 423 2865 nullo
453 2795 611 2866 hostium
640 2796 839 2865 sustinente
867 2815 999 2863 norum
1022 2816 1063 2864 ac
1093 2794 1193 2865 velut
1217 2795 1271 2864 in-

175 2908 316 2981 fernum
334 2920 539 3004 aspectum:
564 2935 646 2982 nam
663 2912 767 3004 primi
787 2913 823 2981 in
842 2910 1007 2981 omnibus
1024 2910 1159 3003 proeliis
1176 2911 1270 2983 oculi

174 3029 375 3099 vincuntur.
426 3028 537 3099 Trans
551 3028 683 3123 Lygios
701 3027 920 3099 Gethones¹³
932 3038 1138 3121 regnantur,
1150 3029 1269 3123 paullo

168 3144 243 3236 jam
287 3145 486 3228 adductius,
522 3145 629 3238 quam
669 3156 796 3217 ceterae
835 3145 1096 3216 Germanorum
1134 3155 1271 3239 gentes,

174 3263 333 3333 nondum
357 3273 479 3333 tamen
499 3285 605 3356 supra
621 3263 836 3334 libertatem.
889 3262 1058 3333 Protinus
1077 3263 1207 3334 deinde
1224 3263 1270 3334 ab

174 3378 318 3450 Oceano
337 3379 484 3474 Rugii,¹⁴
501 3388 539 3451 et
558 3379 720 3451 Lemovii
732 3379 773 3453 :¹⁵
794 3381 1025 3471 omniumque
1041 3378 1167 3449 harum
1185 3402 1269 3473 gen·

174 3497 265 3566 tium
299 3498 448 3590 insigne,
475 3488 637 3568 =rotunda
670 3507 780 3581 scuta,
811 3496 936 3568 breves
967 3494 1087 3588 gladii,
1115 3506 1153 3566 et
1186 3520 1269 3591 erga

174 3636 275 3707 reges
293 3613 514 3705 obsequium.

535 3880 622 3920 NOTES
642 3879 679 3920 orl
700 3878 816 3921 ΒΕΟἮΟΚ
837 3879 921 3922 xnm.

215 4054 223 4089 ¹
238 4046 519 4129 Marsigni.]-This
534 4050 567 4121 is,
581 4051 683 4108 almost
696 4051 843 4128 certainly,
858 4051 908 4111 the
922 4052 1034 4112 Roman
1047 4055 1131 4113 mode
1144 4055 1176 4113 cf
1186 4055 1270 4132 spell-

173 4146 224 4224 ing
251 4147 429 4223 Mars·inp·a'.
472 4147 549 4225 Why
571 4149 596 4206 it
619 4149 722 4208 should
749 4150 784 4209 be
807 4170 837 4209 so
861 4151 885 4209 is
907 4151 1030 4210 difficule
1052 4159 1083 4210 tc
1110 4173 1167 4231 say.
1210 4153 1272 4214 Phe

172 4245 379 4304 combinatione
401 4248 510 4323 pinpo,
534 4249 643 4323 ling-e,
664 4249 723 4321 dre,
745 4268 792 4308 are
812 4249 908 4309 Latin.
949 4249 1082 4330 Perhaps,
1106 4251 1156 4311 the
1177 4253 1271 4313 Greek

173 4342 256 4400 mode
270 4343 301 4401 of
311 4344 476 4422 expresaing
490 4365 555 4421 -ap-
568 4345 607 4420 by
621 4370 663 4419 γγ
676 4365 742 4422 may
752 4346 825 4407 have
838 4348 1014 4408 determined
1023 4349 1072 4408 the
1083 4370 1132 4409 use
1140 4351 1173 4410 of
1183 4351 1232 4411 the
1239 4373 1270 4429 9.

214 4438 276 4498 The
289 4459 372 4501 name
384 4442 465 4501 itself
474 4443 508 4513 is,
523 4443 669 4520 probably,
684 4443 898 4505 German=the
911 4447 1081 4524 Mara-inps.

213 4536 302 4596 What
310 4538 375 4597 does
384 4540 480 4598 Marc·
490 4541 592 4600 meaul
628 4540 687 4600 Not
698 4543 802 4602 March
808 4563 819 4617 ,·
839 4544 915 4602 since
926 4543 1049 4622 theyare
1059 4545 1269 4626 distinguished

172 4635 245 4694 from
259 4634 309 4694 the
323 4636 548 4696 Marco-maarai.

211 4732 335 4888 Peplhaps
348 4733 458 4794 Marah
501 4735 562 4795 Phe
572 4743 702 4814 country,
712 4735 849 4807 however,
860 4738 884 4797 is
898 4758 975 4799 more
985 4741 1186 4801 mountainous
1198 4741 1268 4800 than

172 4849 247 4889 mars
268 4849 295 4907 y.
