2886 5378
200 819 334 890 cxxviii
472 833 550 890 anu
575 832 757 889 eunucus
783 831 832 889 or
856 832 1022 890 acernus

201 995 396 1062 Germanica²
419 994 564 1059 accolunt
593 1000 703 1080 gentes
726 991 811 1058 haud
835 993 1012 1079 explicabili
1035 1016 1203 1061 mensura:
1231 1004 1296 1061 tam

198 1096 367 1163 immodica
382 1095 579 1180 prodentium
595 1093 751 1158 discordia
767 1103 827 1159 cst.
877 1093 980 1159 Cruci
996 1095 1170 1180 etquidem
1186 1097 1294 1176 nostri,

199 1197 294 1263 vicies
309 1195 471 1281 quinquies
492 1203 625 1259 centena
646 1194 744 1258 millia
768 1217 915 1279 passuum
936 1218 1025 1261 oram
1041 1195 1217 1262 Germaniae
1234 1204 1297 1262 tra-

200 1296 358 1362 diderunt.
425 1296 568 1381 Agrippa
598 1317 670 1359 cum
703 1295 828 1359 Rhaetia
859 1304 892 1360 et
922 1295 1038 1361 Norico
1069 1296 1297 1381 longitudinem

200 1421 392 1462 ucuxxxxvr.
414 1396 513 1462 millia
533 1418 692 1481 passuum,
710 1394 910 1460 latitudinem
925 1420 1052 1463 cxnvnr.
1098 1396 1146 1461 M.
1163 1398 1296 1463 Rhatiae

200 1521 297 1585 prope
328 1497 421 1563 unius
450 1494 567 1584 majore
598 1495 776 1573 latitudine,
804 1519 878 1561 saue
915 1497 998 1563 circa
1033 1519 1195 1563 excessum
1228 1499 1297 1583 cjus

199 1600 349 1664 subacta.
406 1598 490 1663 Nam
524 1596 694 1662 Germania
722 1596 830 1662 multis
858 1606 967 1683 postea
997 1598 1095 1675 aunis,
1127 1620 1184 1663 nec
1216 1608 1295 1676 tota,

199 1699 382 1785 percognita
399 1708 458 1763 est.
504 1697 539 1763 Si
554 1696 728 1784 conjectare
751 1698 955 1783 permittitur,
971 1696 1056 1764 hand
1078 1698 1212 1763 multum
1232 1722 1295 1764 orae

199 1798 299 1865 deerit
315 1800 497 1864 Graecorurn
513 1798 667 1884 opinione,
684 1807 717 1863 et
732 1797 920 1883 longitudini
936 1799 977 1863 ab
993 1799 1137 1885 Agrippa
1150 1799 1294 1884 prodita.

199 1898 429 1965 Germanorum
459 1921 574 1986 genera
598 1900 754 1985 quinque:
790 1898 933 1974 Vindili;
957 1922 1087 1984 quorum
1118 1922 1189 1985 pars
1212 1899 1294 1965 Bur-

197 2000 390 2087 gundiones:
416 1998 538 2078 Varini,
560 2000 681 2077 Carini,
695 1998 864 2065 Guttones.
909 1999 1056 2065 Alterum
1070 2023 1178 2087 genus,
1193 1995 1295 2086 Iuga·

197 2122 315 2176 vones3
341 2123 472 2185 quorum
495 2122 568 2186 pars
590 2099 718 2178 Cimbri,
734 2100 880 2178 Teutoni,
902 2122 940 2164 ac
958 2100 1152 2166 Chaucorum
1173 2100 1293 2187 gentes.

198 2200 341 2267 Proximi
356 2209 463 2267 autem
478 2201 590 2266 Rheno
608 2201 799 2274 lstaevoues3
825 2223 956 2286 quorum
971 2224 1042 2286 pars
1057 2201 1174 2267 Cimbri
1194 2200 1292 2265 medi·

196 2301 353 2368 terranei:
390 2300 600 2377 Hermiones;
626 2324 758 2386 quorum
787 2301 892 2379 Suevi,
919 2299 1145 2378 Hermunduri,
1172 2300 1290 2376 Chatti,

196 2401 356 2469 Cherusci.
403 2403 521 2485 Quinta
546 2425 619 2487 pars
644 2402 785 2481 Peucini,
811 2403 982 2480 Basternae,
998 2401 1186 2488 supradictis
1220 2425 1291 2466 con-

196 2503 323 2569 termini
339 2503 445 2570 Dacis.
497 2503 619 2569 Amnes
640 2502 715 2568 clari
738 2502 769 2567 in
786 2502 946 2569 Oceanum
961 2500 1113 2580 defluunt,
1129 2500 1289 2581 Guttalus,

198 2600 345 2670 Vistillus
377 2603 442 2669 sive
475 2602 613 2682 Vistula,
643 2604 746 2682 Albis,
776 2604 931 2690 Visurgis,
970 2603 1120 2681 Amisiae,
1151 2603 1290 2680 Rhenus,

198 2702 302 2770 Mosa.
354 2704 513 2769 Introrsus
534 2727 621 2781 vero,
639 2705 724 2770 nullo
750 2703 878 2771 inferius
894 2703 1070 2780 nobilitate,
1094 2703 1290 2790 Hercynium

190 2802 305 2891 jugum
319 2804 535 2889 praetenditur.

241 2902 386 2968 XXIX.
414 2903 452 2968 In
478 2902 590 2967 Rheno
617 2903 693 2989 ipso,
719 2927 816 2990 prope
837 2911 963 2969 centum
983 2927 1019 2969 rr.
1034 2926 1116 2989 pass.
1140 2904 1171 2967 in
1192 2905 1290 2991 longi-

196 3000 349 3081 tudinem,
366 3002 557 3068 nobilissima
571 3003 764 3069 Batavorum
788 3004 898 3083 insula,
923 3011 955 3068 et
972 3002 1231 3068 Canncnifatum:
1258 3014 1290 3069 et

195 3102 264 3170 cliro
290 3103 472 3179 Frisiorum,
495 3101 700 3183 Chaucorum,
724 3102 956 3180 Frisiuboaam,
979 3105 1166 3177 Sturiorum,
1196 3105 1290 3168 Mur-

195 3206 359 3282 sccioram,
389 3226 457 3287 qua
488 3211 667 3269 sternuntur
696 3204 778 3269 inter
810 3203 940 3269 Helium
970 3226 1007 3268 ac
1041 3202 1185 3268 Flevum.
1237 3203 1289 3270 Ita

196 3305 395 3392 appellantur
415 3304 505 3380 ostia,
522 3305 553 3368 in
575 3327 644 3390 quac
666 3304 781 3371 effirsus
796 3303 934 3382 Rhenus,
953 3304 993 3368 ab
1015 3304 1236 3389 septemtrione
1259 3304 1288 3368 in

195 3406 292 3483 lacus,
307 3407 348 3471 ab
363 3405 523 3471 occidente
537 3405 570 3469 in
586 3428 710 3470 amnem
727 3406 851 3471 Mosam
867 3427 901 3470 so
915 3405 1051 3490 spargit:
1079 3404 1182 3469 medio
1208 3405 1289 3470 inter

195 3506 263 3572 haec
276 3530 341 3584 ore,
355 3506 513 3571 modicum
531 3506 648 3571 nomini
662 3530 718 3572 suo
734 3506 911 3572 custodiens
924 3505 1057 3570 alveum.

241 3607 309 3672 The
325 3615 404 3673 next
418 3607 532 3673 author
548 3607 580 3673 in
596 3607 684 3693 point
700 3608 737 3673 of
745 3608 822 3673 time
838 3606 865 3673 is
881 3606 1011 3672 Tacitus
1027 3605 1159 3674 himself.
