2886 5378
551 853 843 910 rsocnuonnus.
1191 841 1242 912 lix

145 1021 275 1088 liceret:
301 1040 368 1083 sese
383 1016 498 1080 habere
516 1016 668 1100 quasdam
685 1039 744 1094 res,
763 1038 840 1101 quas
855 1038 895 1080 ex
911 1014 1068 1081 communi
1092 1037 1243 1080 consensu

142 1121 243 1185 abeo
267 1128 373 1206 petere
388 1116 535 1184 vellent.''
580 1116 630 1181 Ea
655 1139 690 1182 re
713 1117 874 1202 permissa,
905 1116 989 1181 diem
1012 1115 1141 1181 concilio
1169 1138 1244 1180 con·

143 1221 317 1287 stituerunt
344 1226 378 1284 et
401 1215 616 1305 jurejurando,
653 1240 692 1282 ne
719 1217 788 1301 quis
817 1217 1008 1294 enuntiaret,
1041 1216 1100 1282 nisi
1130 1217 1243 1300 quibus

144 1321 301 1387 communi
316 1318 444 1386 consilio
459 1319 643 1384 mandatum
659 1325 751 1396 esset,
767 1318 849 1384 inter
862 1341 895 1384 se
910 1326 1090 1384 sanxerunt.

190 1420 334 1486 XXXI.
369 1420 420 1486 Eo
446 1419 578 1485 concilio
604 1418 742 1497 dimisso,
771 1419 867 1484 iidem
888 1419 1044 1505 principes
1066 1417 1240 1498 civitatum,

143 1522 197 1607 qui
229 1530 302 1588 ante
337 1521 462 1586 fuerant
500 1520 542 1585 ad
583 1520 747 1598 Oaesarem,
779 1527 975 1585 reverterunt
1013 1520 1240 1604 petieruntque,
1308 1544 1312 1555 ’

146 1623 194 1688 uti
210 1623 271 1689 sibi
295 1629 415 1688 secreto
440 1621 474 1686 in
488 1620 611 1685 occulto
634 1621 746 1687 desua
767 1621 967 1704 omniumque
992 1620 1093 1685 salute
1119 1643 1190 1684 cum
1205 1642 1243 1684 eo

144 1746 235 1810 agere
250 1723 368 1792 liceret.
419 1721 471 1786 Ea
483 1745 517 1786 re
541 1721 722 1806 impetrata,
738 1743 804 1788 sese
819 1743 927 1786 omnes
941 1718 1050 1786 flentes
1065 1720 1182 1786 Gaesari
1199 1719 1242 1785 ad

146 1824 240 1909 pedes
256 1821 475 1910 projecerunt:
499 1828 519 1858 “
529 1845 591 1888 non
605 1823 710 1889 minus
727 1845 760 1888 se
777 1821 810 1887 id
826 1810 1013 1887 contendere
1036 1829 1068 1886 et
1089 1821 1241 1899 laborare,

144 1947 183 1990 nc
197 1947 245 2002 ea,
259 1947 328 2008 quae
343 1923 506 2000 dixissent,
524 1924 773 2002 enunciarentur,
795 1945 888 2008 quam
905 1922 953 1986 uti
968 1945 1014 1999 ea,
1030 1945 1099 2005 quae
1115 1922 1241 2004 vellent,

145 2025 359 2110 impetrarent,
378 2031 544 2111 propterea
568 2024 662 2107 quod,
687 2024 713 2091 si
738 2025 938 2089 enunciatum
965 2036 1058 2100 esset,
1084 2045 1241 2088 summum

145 2125 177 2190 in
213 2125 388 2191 cruciatum
415 2147 448 2191 se
477 2133 624 2190 venturos
646 2125 818 2191 viderent.''
870 2124 1010 2188 Locutus
1035 2130 1083 2188 est
1111 2147 1166 2208 pro
1192 2123 1240 2188 his

147 2225 322 2292 Divitiacus
344 2224 496 2290 AEduus:
538 2233 558 2262 “
573 2225 683 2290 Galliae
716 2227 815 2292 totius
848 2225 999 2289 factiones
1036 2246 1103 2288 esse
1137 2224 1236 2296 duas;

146 2325 257 2391 harum
270 2326 400 2393 alterius
414 2325 624 2411 principatum
639 2334 746 2392 tenere
772 2326 910 2402 AEduos,
926 2325 1053 2389 alterius
1069 2325 1240 2388 Arvernos.

148 2426 195 2503 Hi
209 2449 305 2510 quum
317 2434 481 2512 tantopere
496 2426 535 2490 de
550 2435 717 2513 potentatu
731 2427 855 2492 interae
873 2426 988 2491 multos
1001 2448 1099 2489 annos
1113 2432 1243 2489 conten-

146 2527 408 2604 derent,.faotum
435 2549 512 2603 esse,
534 2529 582 2593 uti
609 2527 650 2591 ab
676 2527 827 2592 Arvernis
853 2525 1064 2610 Sequanisque
1092 2525 1243 2591 Germani

147 2626 290 2691 mercede
314 2635 550 2694 arcesserentur.
604 2627 729 2693 Horum
760 2628 861 2712 primo
888 2627 1011 2692 circiter
1051 2627 1150 2692 millia
1186 2650 1242 2691 xv.

147 2727 294 2792 Rhenum
324 2729 492 2795 transisse:
524 2735 727 2813 posteaquam
757 2750 848 2814 agros
870 2735 903 2792 et
931 2728 1049 2793 cultum
1075 2736 1108 2792 et
1137 2728 1243 2812 copias

148 2827 310 2893 Gallorum
336 2829 479 2895 homines
501 2829 558 2894 feri
586 2852 624 2894 ac
657 2829 781 2895 barbari
806 2830 1018 2905 adamassent,
1042 2828 1243 2894 transductos

147 2929 272 3013 plures;
299 2951 383 2995 nune
399 2952 465 2995 esse
487 2930 520 2995 in
546 2929 651 2995 Gallia
666 2930 708 2996 ad
729 2954 756 2996 o.
775 2938 807 2995 et
830 2954 886 2995 xx.
902 2929 1033 2995 millium
1056 2951 1240 2994 numerum:

147 3052 218 3094 cum
241 3029 290 3094 his
306 3029 435 3096 AEduos
452 3053 620 3116 eorumque
645 3031 775 3096 clientes
789 3032 885 3096 semel
900 3033 994 3115 atque
1009 3032 1124 3095 iterum
1147 3030 1242 3095 armis

147 3130 364 3195 contendisse:
392 3153 539 3216 magnam
563 3131 775 3198 calamitatem
794 3134 900 3218 pulsos
927 3132 1091 3217 accepisse,
1117 3153 1242 3195 omnem

149 3229 358 3308 nobilitatem,
389 3254 515 3296 omnem
550 3240 705 3313 senatum,
733 3255 857 3297 omnem
888 3231 1063 3317 equitatum
1092 3232 1242 3297 amisisse.

148 3330 268 3412 Quibus
282 3331 397 3416 proeliis
412 3332 704 3418 calamitatibusque
718 3334 845 3411 fiactos,
863 3333 915 3417 qui
933 3341 966 3397 et
992 3355 1049 3397 sua
1063 3333 1191 3409 virtute,
1210 3339 1243 3396 et

150 3431 256 3516 populi
288 3431 423 3498 Romani
452 3433 587 3519 hospitio
614 3442 709 3518 atque
738 3434 879 3499 amicitia
910 3433 1079 3519 plurimum
1106 3441 1180 3496 anto
1210 3433 1242 3496 iu

148 3531 251 3596 Gallia
276 3533 461 3618 potuissent,
488 3541 613 3599 coactos
637 3557 704 3599 esse
725 3534 878 3618 Sequanis
904 3533 1028 3599 obsides
1051 3533 1136 3609 dare,
1152 3532 1241 3598 nobi·

147 3631 280 3698 lissimos
303 3633 451 3710 civitatis,
477 3642 509 3698 et
527 3632 733 3720 jurejurando
756 3635 917 3699 civitatem
947 3634 1151 3720 obstringere,
1176 3656 1243 3699 sese

146 3754 245 3817 neque
273 3733 397 3800 obsides
421 3734 617 3819 repetituros,
634 3758 734 3819 neque
749 3735 900 3800 auxilium
927 3756 947 3799 a
971 3734 1085 3821 populo
1100 3734 1243 3801 Romano

147 3832 377 3918 imploraturos,
408 3857 507 3919 neque
534 3844 741 3913 recusaturos,
773 3860 834 3921 quo
866 3836 970 3901 miuus
997 3844 1146 3920 perpetuo
1184 3837 1243 3900 sub

147 3933 271 3998 illorum
287 3934 404 3999 ditione
420 3950 515 4020 atque
528 3935 658 4022 imperio
673 3945 785 4002 essent.
841 3937 948 4001 Unum
970 3959 1003 4001 se
1019 3959 1085 4001 esse
1102 3937 1242 4001 exomni

146 4033 276 4098 civitate
290 4034 485 4112 AEduorum,
499 4036 552 4120 qui
580 4036 694 4102 adduci
718 4060 781 4102 non
804 4037 953 4122 potuerit,
979 4047 1015 4101 ut
1036 4034 1169 4121 juraret,
1185 4046 1241 4102 aut

146 4134 260 4200 liberos
284 4158 356 4201 suos
370 4135 494 4202 obsides
508 4137 608 4202 daret.
661 4137 711 4203 Ob
735 4161 805 4203 eam
827 4160 893 4203 rem
911 4160 944 4202 se
970 4159 1010 4202 ex
1026 4137 1155 4202 civitate
1173 4161 1242 4222 pro-

146 4234 262 4319 fugisse
277 4243 308 4301 et
329 4236 464 4302 Romam
491 4236 534 4302 ad
555 4246 698 4303 senatum
720 4239 850 4315 venisse,
865 4237 1017 4303 auxilium
1040 4238 1243 4322 postulatum,

147 4334 232 4419 qnod
246 4336 330 4402 solus
348 4359 449 4422 neque
457 4335 662 4424 jurejurando
678 4362 777 4423 neque
792 4339 953 4404 obsidibus
967 4345 1133 4403 teneretm.
1180 4337 1243 4402 Sed

146 4432 236 4520 pejus
250 4435 420 4503 victoribus
437 4437 599 4522 Sequanis,
615 4462 708 4523 quam
724 4439 844 4505 AEduis
858 4440 960 4516 victis,
976 4438 1134 4517 accidisse,
1150 4463 1244 4525 prop-

147 4544 235 4601 terea
258 4536 342 4621 quod
364 4538 554 4617 Ariovistus,
591 4561 646 4604 rex
674 4539 911 4618 Germanorum,
939 4540 970 4604 in
997 4562 1104 4604 eorum
1132 4537 1245 4606 finibus

146 4637 337 4704 consedisset
351 4641 539 4725 tertiamque
555 4649 677 4727 partem
692 4641 760 4726 agri
773 4640 918 4725 Sequani,
937 4641 1086 4726 quiesset
1107 4641 1245 4727 optimus
1349 4654 1351 4659 ’

147 4736 245 4803 totius
277 4738 398 4817 Galliae,
428 4742 642 4826 occupavisset
659 4741 692 4806 et
721 4765 804 4806 nuno
832 4741 872 4806 de
902 4743 1002 4806 altera
1033 4748 1121 4826 parte
1149 4741 1244 4806 tertia

147 4837 307 4924 Sequanos
330 4840 479 4906 decedere
502 4838 640 4927 juberet,
665 4852 829 4928 propterea
855 4843 937 4927 quud
964 4842 1070 4927 paucis
1088 4842 1244 4907 mensibus
