2886 5378
167 833 263 903 lxxii
447 848 729 904 annonantur
755 849 803 905 ou
827 849 993 906 racrrns.

173 1010 257 1096 ripas
281 1010 383 1075 Rheni
405 1021 564 1090 venerant,
589 1012 716 1076 domum
736 1013 849 1077 reverti
871 1020 1050 1098 coeperunt:
1075 1033 1151 1095 qnos
1184 1010 1269 1085 Ubii,

175 1113 227 1196 qui
251 1111 385 1196 proximi
408 1110 552 1177 Rhenum
576 1112 726 1191 incolunt,
750 1113 931 1198 perterritos
957 1112 1097 1188 insecuti,
1123 1133 1271 1197 magnum

176 1234 216 1276 ex
231 1211 280 1276 his
293 1234 455 1276 nnmerum
472 1212 662 1278 occiderunt.
714 1213 828 1290 Oaesar,
844 1236 907 1277 uua
921 1221 1030 1279 aestate
1047 1212 1169 1277 duobus
1182 1233 1271 1276 max·

177 1312 248 1377 imis
263 1311 351 1376 bellis
367 1313 525 1392 confectis,
542 1313 694 1378 maturius
706 1315 820 1399 paullo,
835 1336 928 1399 quam
940 1321 1063 1398 tempus
1077 1313 1149 1377 anni
1167 1319 1272 1398 postu-

178 1413 275 1489 labat,
297 1412 329 1476 iu
351 1413 481 1478 hiberna
502 1413 534 1477 in
558 1413 717 1498 Sequanos
746 1415 917 1479 exercitum
951 1413 1103 1478 deduxit:
1135 1411 1273 1477 hibernis

181 1513 354 1578 Labienum
369 1516 556 1600 praeposuit:
584 1514 649 1601 ipse
664 1514 696 1578 in
712 1515 885 1579 citeriorem
897 1512 1034 1580 Galliam
1046 1513 1088 1578 ad
1103 1522 1274 1578 conventus

179 1613 317 1700 agendos
332 1614 488 1698 profectus
502 1621 560 1680 est.

566 1790 636 1829 CAES.
657 1790 739 1830 aaut.
756 1790 843 1831 GALL.
860 1790 894 1831 11.

228 1913 291 1979 IV.
329 1915 433 1996 Quum
464 1914 505 1978 ab
538 1913 587 1978 his
618 1921 781 1997 quaereret,
811 1937 879 1998 quae
908 1912 1060 1990 civitates,
1091 1920 1275 1998 quantaque

183 2015 214 2078 in
237 2015 332 2079 armis
355 2021 468 2086 essent,
492 2023 524 2077 et
547 2013 621 2097 quid
639 2015 669 2077 in
683 2014 764 2078 bello
778 2021 914 2099 possent,
936 2015 980 2079 sic
997 2013 1189 2098 reperiebatz
1210 2013 1275 2098 ple-

185 2138 295 2198 rosque
311 2115 424 2202 Belgae
444 2137 501 2179 esse
518 2124 597 2178 ortos
610 2112 648 2179 ab
666 2115 851 2186 Germanis,·
876 2115 1082 2198 Rhenumque
1104 2113 1276 2196 antiquitus

185 2215 394 2291 transductos,
411 2224 538 2300 propter
552 2215 611 2279 loci
626 2215 820 2279 fertilitatem
836 2214 878 2280 ibi
896 2215 1080 2291 consedisse,
1098 2213 1274 2297 Gallosque,

186 2316 237 2400 qui
255 2339 291 2380 ea
305 2316 374 2380 loca
395 2316 576 2390 incolerent,
601 2315 779 2400 expulisse3
804 2315 943 2400 solosque
965 2338 1042 2391 esse,
1065 2314 1127 2399 qui,
1152 2322 1277 2399 patrum

186 2425 363 2480 nostrorum
379 2416 537 2492 memoria,
550 2416 633 2479 omni
650 2415 753 2480 Gallia
766 2425 890 2495 vexata,
908 2415 1067 2480 Teutonos
1077 2415 1278 2498 Cimbrosque

188 2517 271 2580 intra
294 2515 370 2582 fines
396 2539 467 2582 suos
490 2516 609 2601 ingredi
637 2517 860 2602 prohibuerint.
912 2517 983 2599 Qua
1003 2539 1043 2580 ex
1068 2537 1102 2581 re
1127 2514 1204 2589 fieri,
1232 2514 1281 2578 uti

188 2639 293 2680 earum
309 2640 412 2681 rerum
428 2618 576 2681 memoria
598 2639 744 2702 maguam
766 2617 824 2682 sibi
849 2620 1069 2683 auctoritatem
1093 2637 1281 2701 magnosque

188 2716 314 2800 spiritus
337 2717 368 2779 in
390 2739 423 2780 re
445 2716 571 2780 militari
594 2725 760 2781 sumerent.
825 2718 874 2782 De
899 2740 1027 2782 numero
1049 2739 1154 2781 eorum
1177 2715 1281 2779 omnia

190 2838 222 2880 se
244 2816 358 2880 habere
380 2816 552 2900 explorata,
576 2816 666 2880 Remi
690 2816 845 2896 dicebant,
869 2826 1034 2902 propterea
1052 2817 1135 2900 quod
1155 2816 1279 2901 propin-

189 2915 361 2999 quitatibus
378 2914 653 2998 adfinitatibusque
675 2913 842 2999 conjuncti,
864 2925 1012 3000 quantam
1027 2916 1155 2999 quisque
1174 2915 1281 2980 multi·
1392 2958 1394 2963 -

189 3014 329 3079 tudinem
347 3016 376 3080 iu
395 3015 550 3081 communi
567 3013 734 3098 Belgarum
751 3016 881 3079 concilio
891 3015 932 3079 ad
945 3015 978 3079 id
992 3016 1106 3079 bellum
1124 3014 1280 3100 pollicitus

190 3116 241 3192 sit,
264 3116 474 3200 cognoverint.
520 3114 695 3178 Plurimum
719 3115 801 3178 iuter
823 3138 875 3180 eos
897 3115 1076 3180 Bellovacos
1098 3123 1129 3179 et
1151 3114 1279 3189 virtute,

191 3223 223 3279 et
240 3216 436 3291 auctoritate,
449 3223 481 3280 et
492 3215 651 3279 hominum
668 3237 796 3278 numero
810 3216 931 3279 valere:
957 3216 1013 3280 hos
1027 3238 1115 3301 posse
1131 3212 1280 3279 conficere

191 3324 314 3380 armata
343 3316 441 3380 millia
469 3324 614 3380 centurn:
649 3314 802 3399 pollicitos
827 3339 867 3380 ex
889 3338 926 3380 eo
947 3339 1076 3380 numero
1098 3315 1199 3380 electa
1221 3338 1279 3392 xa,

191 3417 349 3500 totiusque
363 3416 435 3481 belli
453 3415 616 3501 imperium
638 3415 697 3480 sibi
719 3416 885 3500 postulare.
931 3416 1111 3482 Suessiones
1128 3438 1200 3481 suos
1215 3438 1280 3480 esse

192 3515 350 3593 finitimos,
376 3517 542 3582 latissimos
567 3516 829 3600 feracissimosque
854 3540 945 3603 agros
972 3517 1137 3602 possidere.
1183 3515 1280 3601 Apud

194 3640 245 3681 eos
274 3617 366 3682 fuisse
392 3640 497 3702 regem
526 3625 632 3681 nostra
659 3618 754 3682 etiam
783 3617 932 3682 memoria
955 3617 1157 3694 Divitiacum,
1186 3617 1282 3681 totius

194 3717 304 3782 Galliae
313 3718 572 3802 potentissimum,
584 3717 635 3801 qui
648 3740 742 3800 quum
753 3740 873 3803 magnae
885 3719 982 3803 partis
992 3718 1101 3782 barum
1111 3717 1281 3802 regionum,

196 3827 262 3881 tum
286 3817 380 3882 etiam
403 3817 572 3882 Britanniae
600 3817 762 3902 imperinm
783 3818 970 3883 obtinuerit:
999 3841 1080 3882 nunc
1098 3839 1163 3882 esse
1179 3839 1283 3901 regem

196 3917 348 3982 Galbam:
380 3918 421 3982 ad
452 3919 544 3991 hunc,
568 3926 695 4003 propter
712 3915 869 4004 justitiam
893 3919 1161 4003 prudentiamque,
1186 3917 1284 3981 totins

196 4018 268 4082 belli
299 4041 451 4083 summam
486 4019 624 4083 omnium
657 4019 817 4083 voluntate
849 4018 981 4082 deferri:
1021 4017 1136 4103 oppida
1166 4017 1282 4081 habere

198 4141 326 4182 numero
350 4141 418 4195 xn,
449 4119 592 4203 pollicere
614 4118 711 4183 millia
732 4127 853 4182 armata
872 4119 1118 4204 quinquaginta3
1151 4116 1284 4181 totidem

199 4218 344 4298 Nervios,
366 4219 417 4303 qui
440 4219 575 4282 maxime
589 4219 646 4283 feri
662 4218 743 4283 inter
757 4219 839 4304 ipsos
855 4218 1029 4283 habeantur
1046 4218 1282 4304 longissimeque

197 4320 319 4384 absint:
354 4343 406 4382 xv.
428 4318 526 4383 millia
546 4318 735 4383 Atrebates:
760 4318 935 4383 Ambianos
952 4342 982 4382 x.
998 4318 1113 4383 millia:
1140 4316 1282 4382 Morinos

197 4443 274 4484 xxv.
320 4419 434 4483 millia:
490 4419 653 4504 Menapios
695 4443 738 4482 1x.
775 4419 890 4482 millia:
939 4418 1063 4483 Caletos
1101 4443 1132 4485 x.
1162 4417 1280 4481 millia:

199 4519 382 4585 Velocasses
419 4528 450 4583 et
492 4518 728 4583 Veromandnos
771 4518 923 4582 totidem:
971 4518 1156 4584 Aduatucos
1192 4541 1283 4582 xxix.

196 4620 302 4696 millia,
336 4619 521 4692 Condrusos,
548 4618 719 4696 Eburones,
749 4617 908 4695 Caeraesos,
940 4619 1115 4697 Paemanos,
1142 4620 1197 4706 qai
1225 4640 1286 4683 areo

196 4722 315 4786 nomine
333 4721 480 4785 Germani
496 4720 706 4806 adpelbratur,
724 4718 868 4785 arbitrari
885 4719 925 4784 ad
944 4744 993 4784 xi.
1009 4720 1117 4786 millia.
