2858 5310
162 748 234 815 xxll
436 758 513 814 THE
535 756 716 812 GERMANY
743 757 792 813 ΟΡ
816 758 981 814 vectius

161 924 220 986 hoc
243 920 465 986 ferocissimum
487 919 632 993 edidere;
664 920 748 1004 quod
776 920 835 985 fnit
856 922 990 1005 primum
1017 920 1098 984 iuter
1125 920 1264 1006 paludes

165 1022 333 1087 Meotidas
361 1020 527 1097 minutum,
551 1028 679 1097 tetrum,
703 1028 796 1105 atque
826 1021 916 1098 exile,
939 1021 1025 1105 quasi
1049 1022 1262 1087 inhnmanum

161 1145 269 1207 genus,
285 1145 341 1186 nec
355 1121 417 1185 alia
431 1143 506 1184 voce
521 1128 640 1197 notum,
658 1121 717 1185 nisi
744 1121 826 1204 quod
851 1121 978 1186 humani
1001 1121 1151 1187 sermonis
1177 1122 1261 1187 ima·

162 1224 266 1307 ginem
284 1221 472 1307 assignabat.
524 1220 592 1284 Tali
609 1243 681 1306 ergo
699 1221 809 1285 Hunni
824 1222 920 1306 stirpe
945 1221 1052 1296 creati,
1075 1221 1261 1303 Gothorum

163 1320 276 1388 finibus
297 1322 462 1386 advenere.
506 1320 644 1402 Quorum
667 1320 753 1385 natio
778 1343 871 1397 saeva,
898 1329 933 1387 ut
955 1321 1262 1407 priscushistoricus

162 1423 268 1496 refert,
284 1423 315 1488 in
333 1420 483 1486 Meotide
498 1420 610 1506 palude
625 1421 801 1485 ulteriorem
818 1422 916 1506 ripam
933 1422 1063 1487 insedit:
1088 1422 1261 1487 venatione

164 1532 297 1599 tantum,
313 1545 370 1586 nec
383 1521 444 1586 alio
461 1521 565 1586 labore
583 1529 724 1606 experta,
740 1521 799 1587 nisi
816 1521 899 1606 quod
921 1531 1083 1607 postquam
1106 1523 1261 1588 crevisset

163 1624 194 1687 in
212 1624 351 1709 populos,
376 1621 536 1686 fraudibus
560 1628 593 1685 et
617 1621 732 1707 rapinis
746 1622 879 1687 vicinam
903 1631 1028 1707 gentem
1044 1623 1260 1688 conturbavit.

164 1721 270 1809 Hujus
282 1747 355 1808 ergo
373 1725 423 1804 (ut
437 1720 586 1805 assolent)
603 1732 773 1799 venatores,
791 1722 865 1786 dum
883 1723 913 1786 in
932 1722 1069 1787 ulteriori
1093 1723 1261 1789 Maeotidis

160 1824 228 1909 ripa
243 1824 424 1889 venationes
448 1822 618 1905 inquirunt,
645 1820 897 1887 animadvertunt
914 1823 1068 1907 quomodo
1081 1846 1121 1887 ex
1136 1823 1261 1908 impro-

163 1925 226 1989 viso
251 1946 343 1989 cerva
368 1945 401 1987 se
425 1923 486 1987 illis
510 1922 633 1998 obtulit,
658 1922 853 2008 ingressaque
875 1923 987 2008 palude
1014 1946 1096 1987 nunc
1127 1946 1259 2008 progre-

161 2025 257 2099 diens,
281 2047 364 2088 nunc
389 2024 568 2096 subsistens,
591 2021 724 2087 indicem
746 2045 779 2087 ee
796 2023 854 2087 viae
869 2023 990 2088 tribuit.
1036 2024 1137 2104 Quam
1153 2025 1258 2090 secuti

161 2132 334 2198 venatores,
361 2122 507 2209 paludem
534 2122 727 2199 Maeotidem,
743 2146 835 2206 quam
859 2124 1041 2209 imperviam
1065 2133 1101 2187 ut
1124 2124 1259 2208 pelagus

160 2225 392 2298 existimabant,
419 2223 549 2308 pedibus
573 2223 731 2288 transiere.
784 2225 863 2287 Mox
891 2247 1012 2309 quoqne
1039 2232 1075 2288 ut
1102 2222 1259 2310 Scythica

160 2336 244 2390 terra
268 2325 382 2410 ignotis
404 2321 559 2408 apparuit,
577 2346 669 2387 cerva
692 2323 855 2408 disparuit.
902 2325 994 2407 Quod
1015 2323 1107 2389 credo
1125 2323 1258 2409 spiritus

160 2426 216 2502 illi,
231 2426 314 2489 unde
337 2424 515 2509 progeniem
541 2424 681 2501 trahunt,
705 2424 746 2488 ad
772 2422 960 2510 Scytharum
986 2425 1135 2489 invidiam
1150 2448 1257 2510 egere.

163 2526 212 2591 llli
228 2549 311 2600 vero,
328 2524 379 2610 qni
395 2532 507 2609 praeter
524 2523 705 2588 Maeotidem
727 2524 872 2610 paludem
894 2525 989 2589 alium
1011 2524 1162 2589 mundum
1185 2547 1257 2591 esse

35 2690 42 2701 ,
159 2626 283 2711 penitus
305 2625 499 2711 ignorabant,
524 2624 729 2688 admiratione
753 2624 874 2689 inducti
894 2632 983 2690 terrae
1001 2625 1148 2711 Scythiae,
1168 2633 1200 2689 et
1217 2634 1257 2690 nt

159 2735 231 2791 sunt
254 2725 390 2801 solertes,
408 2724 469 2789 iter
488 2724 566 2788 illud
590 2723 667 2788 nulli
687 2732 761 2789 ante
785 2725 866 2790 hanc
894 2733 1019 2789 aetatem
1044 2724 1255 2804 notissimum,

159 2826 308 2891 divinitus
345 2825 403 2891 sibi
439 2833 596 2890 ostensum
621 2825 694 2899 rati,
721 2825 763 2888 ad
786 2848 857 2890 snos
883 2826 1024 2903 redeunt,
1055 2826 1098 2890 rei
1125 2834 1254 2911 gestum

158 2926 295 3004 edicunt,
319 2924 483 3011 Scythiam
507 2923 647 3000 laudant,
663 2948 868 3009 persuasaque
887 2934 980 3011 gente
1003 2926 1135 3001 suavia
1155 2948 1253 3010 qnam

158 3048 250 3091 cerva
274 3025 375 3089 indice
402 3023 547 3101 didicere,
576 3022 618 3087 ad
645 3022 808 3109 Scythiam
839 3035 1015 3111 properant,
1042 3033 1074 3090 et
1102 3034 1254 3110 quantos-

158 3149 278 3210 cunque
293 3125 377 3210 prius
391 3124 423 3188 in
438 3124 577 3209 ingressu
594 3122 782 3210 Scytharum
799 3126 943 3205 habuere,
959 3127 1086 3191 litavere
1101 3127 1252 3206 victoriae,

158 3227 291 3311 reliquos
326 3224 516 3312 perdomitos
546 3224 703 3309 subegere.
763 3224 844 3288 Nam
874 3250 948 3291 mox
977 3227 1135 3312 ingentem
1163 3226 1253 3292 illam

158 3328 303 3414 paludem
319 3325 478 3400 transiere,
494 3325 564 3389 ilico
581 3324 755 3410 Alipzuros,
772 3325 965 3404 Alcidznros‚
984 3327 1147 3405 ltamaros,
1163 3327 1253 3391 Tini-

158 3451 271 3502 cassos,
288 3436 321 3491 et
344 3426 482 3503 Boiscos,
498 3427 551 3510 qui
576 3427 650 3510 ripae
675 3425 765 3491 istius
791 3426 928 3513 Scythiae
954 3427 1138 3504 insidebant,
1162 3429 1252 3511 quasi

158 3530 284 3613 quidam
309 3527 400 3592 turbo
423 3526 563 3612 gentium
587 3549 725 3611 rapuere.
770 3525 890 3592 Alanos
916 3551 1035 3611 qnoque
1061 3550 1166 3612 pugna
1190 3527 1250 3593 sibi

159 3652 257 3715 pares,
282 3626 337 3694 sed
361 3627 557 3691 immanitate
585 3626 694 3702 victus,
718 3625 877 3710 formaque
904 3627 1076 3697 dissimiles,
1096 3628 1252 3712 frequenti

158 3730 327 3795 certamine
345 3727 513 3812 fatigantes
526 3723 739 3812 subjugavere.
791 3727 873 3790 Nam
888 3738 920 3791 et
935 3741 1011 3812 qnos
1026 3728 1105 3793 bello
1120 3727 1251 3793 forsitan

159 3830 285 3895 minime
309 3828 507 3913 superabant,
522 3826 627 3892 vultus
649 3827 696 3891 sui
719 3835 834 3891 terrore
856 3827 985 3892 nimium
1002 3850 1149 3914 pavorem
1164 3828 1251 3913 inge·

159 3938 261 3995 rentes
276 3929 447 4014 fugabant:
472 3951 508 3992 eo
524 3925 605 4010 quod
621 3934 687 3991 erat
702 3927 746 3992 eis
760 3927 877 4012 species
898 3928 1046 4012 pavendae
1068 3929 1249 4015 nigredinis,

159 4039 191 4094 et
216 4030 301 4094 velut
329 4029 472 4113 quaedam
500 4028 541 4108 (si
569 4026 629 4090 dici
655 4027 701 4092 fas
727 4028 789 4108 est)
809 4027 955 4094 deformis
976 4029 1048 4106 offo,
1066 4052 1128 4093 non
1142 4029 1249 4103 facies,

159 4131 335 4213 habensque
350 4128 449 4213 magis
463 4133 588 4213 puncta,
604 4150 698 4211 qnam
719 4127 845 4192 lumina.
891 4128 1029 4210 Quorum
1053 4128 1147 4194 animi
1170 4126 1250 4194 fidu·

159 4231 239 4294 ciam
256 4238 364 4293 torvus
380 4228 482 4313 prodit
499 4233 663 4312 aspectus:
688 4228 740 4312 qui
756 4228 851 4293 etiam
866 4228 898 4292 in
918 4229 1048 4314 pignora
1068 4252 1126 4294 soa
1148 4229 1249 4313 primo

158 4331 307 4394 alienata
334 4328 513 4393 desaeviunt.
569 4324 656 4392 Nam
680 4328 817 4394 maribus
842 4328 923 4393 ferro
950 4352 1045 4414 genas
1071 4337 1186 4407 secant,
1212 4338 1250 4394 ut

156 4439 323 4512 antequam
339 4428 428 4493 lactis
440 4427 631 4492 nutrimenta
643 4428 824 4515 percipiant,
836 4429 970 4494 vulneris
983 4438 1134 4516 cogantur
1146 4430 1249 4495 subire

157 4528 365 4596 tolerantiam.
427 4528 512 4593 Hinc
540 4529 692 4593 imberbes
723 4538 895 4606 senescunt,
927 4539 958 4594 et
988 4530 1053 4595 sine
1085 4538 1249 4596 venustate

157 4631 267 4718 ephebi
294 4637 386 4703 sunt3
410 4629 483 4713 quia
505 4630 599 4694 facies
623 4630 703 4693 ferro
733 4630 862 4710 sulcata,
881 4631 1098 4715 tempestivam
1116 4631 1248 4716 pilorum

155 4733 288 4819 gratiam
317 4754 370 4816 per
396 4730 553 4797 cicatrices
577 4729 721 4795 absumit.
768 4730 884 4815 Exiguri
912 4731 1036 4815 quidem
1061 4731 1170 4809 forma,
1193 4731 1249 4796 sed
