2886 5378
576 861 870 917 eaonncouuua.
1198 850 1272 920 lxxi

178 1019 248 1105 lpse
262 1043 282 1084 a
297 1020 408 1085 dextro
422 1050 527 1100 cornu,
542 1021 625 1107 qnod
638 1031 842 1108 campartem
857 1025 984 1089 minime
1000 1023 1120 1091 firmam
1133 1027 1269 1094 hostiurn

174 1142 240 1184 essa
257 1122 396 1185 animum
411 1127 599 1202 adverteret,
615 1123 756 1207 proelium
772 1124 936 1190 commisit.
984 1126 1036 1191 Ita
1047 1128 1143 1192 nostri
1155 1129 1270 1194 acriter

174 1221 205 1285 iu
220 1220 335 1298 hostes,
354 1228 442 1314 signo
460 1227 545 1303 dato,
569 1225 721 1308 impetum
742 1225 883 1289 feceruut
899 1226 1004 1310 itaque
1019 1228 1124 1293 hostes
1140 1240 1267 1315 repente

175 1327 377 1414 celeriterque
391 1334 619 1414 procurrerunt,
636 1335 670 1389 ut
688 1325 825 1409 spatium
841 1326 904 1411 pila
921 1327 952 1390 in
968 1327 1072 1393 hostes
1083 1328 1267 1415 conjiciendi

175 1451 237 1493 non
266 1430 403 1494 daretur.
472 1425 609 1513 Rejectis
639 1424 720 1510 pilis,
749 1427 921 1491 comminus
949 1428 1062 1512 gladiis
1091 1439 1264 1515 pugnatum

175 1538 240 1595 est:
267 1540 301 1596 at
317 1529 475 1608 Germani,
491 1528 631 1593 celeriter
648 1548 688 1589 ex
704 1527 925 1591 consuetudine
938 1551 994 1593 sua
1006 1530 1159 1615 phalange
1170 1532 1264 1609 facta,

173 1632 308 1717 impetus
335 1631 509 1716 gladiorum
546 1633 746 1712 exceperunt.
814 1625 942 1712 Reperti
979 1638 1052 1693 sunt
1092 1631 1265 1716 complures

174 1732 272 1796 nostri
297 1731 423 1807 milites,
446 1731 498 1814 qui
521 1730 553 1793 in
575 1727 745 1814 phalangas
767 1726 918 1792 insilirent
945 1736 977 1793 et
1006 1739 1096 1795 scuta
1123 1733 1265 1798 manibus

173 1832 355 1896 revellerent
382 1845 413 1895 et
436 1831 566 1916 desuper
591 1827 800 1892 vulnerarent.
852 1828 955 1909 Quum
978 1830 1115 1896 hostiurn
1140 1833 1222 1898 acics
1245 1856 1265 1897 a

171 1932 296 1997 sinistro
319 1955 414 1996 cornu
440 1930 529 2015 pulsa
550 1938 644 2012 atque
660 1928 691 1991 in
707 1928 813 2012 fugam
835 1951 984 1994 conversa
1002 1941 1093 2009 esset,
1115 1955 1135 1996 a
1150 1932 1262 1997 dextro

173 2055 268 2097 cornu
293 2033 493 2097 vehementer
513 2027 713 2094 multitudine
728 2051 854 2092 suorum
870 2040 1007 2094 nostram
1028 2032 1127 2096 aciem
1145 2057 1264 2118 preme-

173 2133 260 2197 bant.
314 2132 355 2196 ld
376 2154 470 2216 quum
492 2129 762 2196 animadvertisset
786 2128 825 2193 P.
850 2130 979 2195 Crassus
1000 2131 1188 2209 adolescens,
1211 2134 1263 2217 qui

171 2234 313 2316 equitatu
335 2239 477 2318 praeerat,
509 2230 592 2315 qnod
621 2229 797 2314 expeditior
821 2238 897 2308 erat,
919 2254 1012 2315 quam
1038 2233 1080 2309 hi,
1103 2233 1155 2317 qui
1181 2234 1262 2298 inter

169 2335 268 2398 aciem
283 2332 496 2410 versabantur,
512 2332 638 2397 tertiam
652 2330 751 2394 aciem
767 2330 980 2395 laborantibus
995 2332 1109 2396 nostris
1126 2333 1262 2398 subsidio

168 2433 263 2498 misit.

218 2533 314 2600 Llll.
351 2533 404 2597 lta
434 2535 574 2617 proelium
606 2535 785 2597 restitutum
814 2539 871 2607 est,
898 2539 991 2616 atque
1021 2556 1128 2600 ornnes
1157 2537 1262 2601 hostes

172 2642 262 2720 terga
291 2642 461 2710 verterunt,
489 2658 588 2719 neque
620 2634 705 2719 prins
732 2633 838 2716 fugero
871 2632 1067 2709 destiterunt,
1098 2659 1190 2718 quarn
1220 2637 1261 2701 ad

172 2731 286 2799 flumen
308 2734 453 2801 Rhenum
477 2735 576 2799 millia
597 2754 743 2820 passuum
766 2755 806 2796 cx
828 2755 864 2796 eo
886 2734 953 2798 loco
976 2733 1098 2799 circiter
1112 2736 1261 2820 quinqua·

170 2835 259 2919 ginta
269 2849 485 2922 pervenerunt.
531 2835 581 2900 lbi
593 2833 739 2920 perpauci
749 2842 805 2897 aut
816 2833 933 2898 viribus
945 2833 1049 2899 confisi
1066 2845 1261 2902 transnatare

171 2936 408 3014 contenderunt,
431 2944 487 3000 aut
508 2936 654 3001 lintribus
675 2933 810 2999 inventis
831 2935 887 2998 sibi
911 2936 1044 3000 salutem
1068 2948 1259 3021 repererunt.

173 3035 212 3100 In
236 3037 285 3103 hia
310 3036 371 3101 fuit
396 3035 584 3114 Ariovistus,
610 3038 672 3120 qui,
695 3035 870 3099 naviculum
896 3035 1063 3121 deligatam
1089 3037 1130 3101 ad
1159 3038 1259 3123 ripam

170 3146 291 3215 nactus,
318 3159 356 3201 ea
381 3136 535 3223 profugit:
559 3137 692 3220 reliquos
713 3158 819 3200 omnes
841 3137 997 3201 consecuti
1019 3138 1138 3221 equites
1160 3139 1258 3202 nostri

170 3237 402 3303 iuterfecerunt.
468 3237 548 3303 Duae
573 3238 698 3302 fuerunt
727 3235 880 3302 Ariovisti
908 3259 1030 3314 uxores,
1062 3261 1125 3301 una
1156 3237 1260 3303 Sneva

170 3337 308 3413 natione,
326 3361 419 3422 qnam
441 3338 481 3402 ab
497 3339 589 3403 domo
606 3361 711 3402 secum
729 3336 902 3411 eduxerat3
925 3337 1024 3401 altera
1041 3337 1162 3415 Norica,
1180 3340 1262 3424 regis

171 3437 319 3503 Vooionis
350 3460 446 3513 soror,
471 3462 564 3523 qnam
587 3440 620 3503 in
646 3436 748 3501 Gallia
777 3437 921 3513 duxerat,
949 3461 968 3502 a
992 3438 1088 3501 fratre
1113 3437 1256 3502 missam:

168 3546 306 3623 utrmque
327 3537 359 3601 in
380 3561 418 3602 ea
439 3538 513 3625 fuga
534 3540 701 3626 perierunt.
745 3537 828 3602 Duae
850 3535 921 3600 filiae
943 3539 1065 3610 harum,
1088 3538 1187 3602 altera
1208 3561 1258 3602 oc·

167 3640 240 3718 cisa,
256 3640 356 3704 altera
372 3647 465 3725 capta
482 3647 540 3704 est.
595 3639 630 3706 (l.
656 3637 801 3703 Valerius
823 3637 987 3710 Procillus,
1010 3661 1106 3722 quum
1121 3661 1141 3702 a
1155 3647 1258 3703 custo·

170 3739 261 3805 dibus
289 3740 322 3804 in
350 3739 425 3823 fuga
453 3740 544 3805 trinis
575 3741 692 3805 catenis
724 3740 846 3804 vinctus
875 3739 1061 3814 traheretur,
1092 3740 1124 3803 in
1156 3738 1257 3824 ipsum

168 3839 333 3918 Gaesarem,
350 3838 447 3904 hostis
462 3841 602 3924 equitatu
616 3847 859 3925 persequentem,
874 3839 995 3904 incidit.
1041 3839 1117 3920 Quae
1133 3839 1257 3923 quidem

169 3962 219 4005 res
245 3941 363 4007 Gaesari
392 3962 454 4003 nou
483 3942 643 4016 minorem,
674 3963 767 4024 quam
796 3940 864 4026 ipsa
894 3938 1033 4016 victoria,
1064 3942 1257 4025 voluptatem

169 4040 293 4120 adtulit,
310 4040 393 4125 quod
407 4041 564 4105 homiuem
580 4040 831 4105 honestissimum
848 4039 1013 4124 provincia
1030 4039 1151 4117 Galliae,
1168 4062 1257 4105 suurn

169 4139 353 4206 familiarem
385 4149 416 4204 et
446 4141 608 4226 hospitem,
637 4149 778 4225 ereptum
804 4164 821 4205 e
850 4140 993 4205 manibus
1020 4141 1166 4218 hostium,
1199 4141 1257 4205 sibi

169 4242 350 4306 restitutum
366 4240 504 4319 videbat,
523 4263 622 4324 neque
644 4239 710 4326 ejus
731 4241 909 4306 calamitate
933 4239 972 4304 de
992 4247 1083 4305 tanta
1098 4242 1259 4326 voluptate

168 4348 200 4406 et
213 4342 421 4427 gratulatione
433 4341 601 4426 quidquam
613 4342 739 4405 fortuna
754 4340 958 4405 deminuerat.
996 4341 1039 4419 Is,
1052 4364 1084 4406 se
1098 4351 1259 4426 prasente,

168 4441 208 4506 de
223 4464 255 4507 sc
270 4450 319 4507 ter
334 4441 468 4507 sortibus
482 4441 657 4506 consultum
677 4441 810 4520 dicebat,
831 4450 937 4507 utrum
957 4442 1020 4527 igni
1046 4442 1152 4507 statim
1168 4465 1261 4507 neca·

169 4550 266 4617 retur,
287 4564 327 4605 an
349 4542 382 4607 iu
402 4540 487 4606 aliud
510 4550 634 4626 tempus
654 4552 885 4617 reservaretur;
913 4543 1044 4607 sortium
1065 4541 1260 4608 beneficiosa

168 4664 235 4707 csse
266 4642 463 4707 incolumem.
523 4642 606 4707 Item
640 4642 688 4710 M.
721 4642 856 4708 Mettius
884 4651 1024 4728 repertus
1054 4653 1086 4708 et
1118 4643 1159 4707 ad
1190 4665 1262 4706 eum

169 4742 317 4808 reductus
332 4752 390 4807 est.

222 4842 314 4908 LIV.
341 4843 413 4907 Hoc
435 4842 542 4927 proelio
562 4851 648 4908 trans
671 4842 816 4907 Rhenum
840 4843 997 4921 nunciato,
1022 4843 1126 4923 Suevi,
1145 4845 1197 4928 qui
1223 4843 1263 4908 ad
