<?xml version="1.0" encoding="UTF-8"?>
<!DOCTYPE html PUBLIC "-//W3C//DTD XHTML 1.0 Transitional//EN"
    "http://www.w3.org/TR/xhtml1/DTD/xhtml1-transitional.dtd">
<html xmlns="http://www.w3.org/1999/xhtml" xml:lang="en" lang="en">
 <head>
  <title>
</title>
<meta http-equiv="Content-Type" content="text/html;charset=utf-8" />
  <meta name='ocr-system' content='tesseract 3.04.00' />
  <meta name='ocr-capabilities' content='ocr_page ocr_carea ocr_par ocr_line ocrx_word'/>
</head>
<body>
  <div class='ocr_page' id='page_1' title='image "./germaniatacitus00lathgoog_0322.png"; bbox 0 0 2886 5378; ppageno 0'>
   <div class='ocr_carea' id='block_1_1' title="bbox 468 755 1268 835">
    <p class='ocr_par' dir='ltr' id='par_1_1' title="bbox 468 755 1268 835">
     <span class='ocr_line' id='line_1_1' title="bbox 468 755 1268 835; baseline -0.005 -5"><span class='ocrx_word' id='word_1_1' title='bbox 468 775 588 832; x_wconf 82' lang='lat' dir='ltr'><strong>norss</strong></span> <span class='ocrx_word' id='word_1_2' title='bbox 610 773 663 831; x_wconf 85' lang='lat' dir='ltr'><strong>ou</strong></span> <span class='ocrx_word' id='word_1_3' title='bbox 690 772 849 831; x_wconf 77' lang='lat' dir='ltr'><strong>sunnon</strong></span> <span class='ocrx_word' id='word_1_4' title='bbox 875 772 961 830; x_wconf 78' lang='lat' dir='ltr'><strong>xcv.</strong></span> <span class='ocrx_word' id='word_1_5' title='bbox 1197 755 1268 835; x_wconf 80' lang='lat'><strong>175</strong></span> 
     </span>
    </p>
   </div>
   <div class='ocr_carea' id='block_1_2' title="bbox 164 923 1272 1786">
    <p class='ocr_par' dir='ltr' id='par_1_2' title="bbox 164 923 1270 1301">
     <span class='ocr_line' id='line_1_2' title="bbox 166 923 1270 1004; baseline -0.004 -14"><span class='ocrx_word' id='word_1_6' title='bbox 166 923 278 990; x_wconf 77' lang='lat' dir='ltr'><strong>“(lirra</strong></span> <span class='ocrx_word' id='word_1_7' title='bbox 301 929 361 989; x_wconf 76' lang='lat' dir='ltr'><strong>hnc</strong></span> <span class='ocrx_word' id='word_1_8' title='bbox 385 928 608 989; x_wconf 83' lang='lat' dir='ltr'><strong>litora-ierunt</strong></span> <span class='ocrx_word' id='word_1_9' title='bbox 629 947 688 987; x_wconf 90' lang='lat' dir='ltr'><strong>esse</strong></span> <span class='ocrx_word' id='word_1_10' title='bbox 706 927 872 999; x_wconf 63' lang='lat' dir='ltr'><strong>anema,</strong></span> <span class='ocrx_word' id='word_1_11' title='bbox 893 925 969 1004; x_wconf 91' lang='lat' dir='ltr'><strong>quod</strong></span> <span class='ocrx_word' id='word_1_12' title='bbox 991 945 1070 987; x_wconf 84' lang='lat' dir='ltr'><strong>nunc·</strong></span> <span class='ocrx_word' id='word_1_13' title='bbox 1087 937 1165 986; x_wconf 74' lang='lat' dir='ltr'><strong>terra</strong></span> <span class='ocrx_word' id='word_1_14' title='bbox 1182 928 1270 1003; x_wconf 71' lang='lat' dir='ltr'><strong>joni·</strong></span> 
     </span>
     <span class='ocr_line' id='line_1_3' title="bbox 164 1025 1268 1104; baseline -0.002 -18"><span class='ocrx_word' id='word_1_15' title='bbox 164 1049 270 1086; x_wconf 81' lang='lat' dir='ltr'><strong>norum</strong></span> <span class='ocrx_word' id='word_1_16' title='bbox 292 1027 408 1101; x_wconf 88' lang='lat' dir='ltr'><strong>dicitur,</strong></span> <span class='ocrx_word' id='word_1_17' title='bbox 429 1046 500 1104; x_wconf 93' lang='lat' dir='ltr'><strong>quas</strong></span> <span class='ocrx_word' id='word_1_18' title='bbox 520 1045 604 1104; x_wconf 83' lang='lat' dir='ltr'><strong>nquae</strong></span> <span class='ocrx_word' id='word_1_19' title='bbox 624 1033 711 1104; x_wconf 89' lang='lat' dir='ltr'><strong>gustu</strong></span> <span class='ocrx_word' id='word_1_20' title='bbox 732 1025 823 1103; x_wconf 80' lang='lat' dir='ltr'><strong>aliqui</strong></span> <span class='ocrx_word' id='word_1_21' title='bbox 844 1025 946 1084; x_wconf 87' lang='lat' dir='ltr'><strong>dicunt</strong></span> <span class='ocrx_word' id='word_1_22' title='bbox 966 1025 1120 1104; x_wconf 79' lang='lat' dir='ltr'>concipere.</span> <span class='ocrx_word' id='word_1_23' title='bbox 1143 1069 1151 1085; x_wconf 91' lang='lat'><strong>.</strong></span> <span class='ocrx_word' id='word_1_24' title='bbox 1173 1069 1181 1084; x_wconf 99' lang='lat'><strong>.</strong></span> <span class='ocrx_word' id='word_1_25' title='bbox 1203 1025 1268 1090; x_wconf 79' lang='lat' dir='ltr'><strong>Hes,</strong></span> 
     </span>
     <span class='ocr_line' id='line_1_4' title="bbox 164 1121 1267 1202; baseline -0.001 -19"><span class='ocrx_word' id='word_1_26' title='bbox 164 1125 251 1183; x_wconf 90' lang='lat' dir='ltr'><strong>simul</strong></span> <span class='ocrx_word' id='word_1_27' title='bbox 262 1123 391 1184; x_wconf 82' lang='lat' dir='ltr'><strong>viventes</strong></span> <span class='ocrx_word' id='word_1_28' title='bbox 404 1131 544 1202; x_wconf 81' lang='lat' dir='ltr'><strong>spamunt</strong></span> <span class='ocrx_word' id='word_1_29' title='bbox 557 1123 699 1182; x_wconf 85' lang='lat' dir='ltr'><strong>consortia</strong></span> <span class='ocrx_word' id='word_1_30' title='bbox 712 1123 848 1196; x_wconf 82' lang='lat' dir='ltr'><strong>virorum,</strong></span> <span class='ocrx_word' id='word_1_31' title='bbox 859 1141 930 1200; x_wconf 91' lang='lat' dir='ltr'><strong>quos</strong></span> <span class='ocrx_word' id='word_1_32' title='bbox 943 1121 1039 1192; x_wconf 83' lang='lat' dir='ltr'><strong>etiam,</strong></span> <span class='ocrx_word' id='word_1_33' title='bbox 1050 1121 1074 1181; x_wconf 92' lang='lat' dir='ltr'><strong>si</strong></span> <span class='ocrx_word' id='word_1_34' title='bbox 1092 1122 1267 1182; x_wconf 69' lang='lat' dir='ltr'><strong>advenerint</strong></span> 
     </span>
     <span class='ocr_line' id='line_1_5' title="bbox 164 1220 702 1301; baseline -0.006 -19"><span class='ocrx_word' id='word_1_35' title='bbox 164 1242 182 1282; x_wconf 89' lang='lat' dir='ltr'><strong>a</strong></span> <span class='ocrx_word' id='word_1_36' title='bbox 196 1242 224 1281; x_wconf 86' lang='lat' dir='ltr'><strong>se</strong></span> <span class='ocrx_word' id='word_1_37' title='bbox 237 1222 361 1280; x_wconf 83' lang='lat' dir='ltr'><strong>viriliter</strong></span> <span class='ocrx_word' id='word_1_38' title='bbox 374 1220 617 1301; x_wconf 82' lang='lat' dir='ltr'><strong>repellunt.”-O.</strong></span> <span class='ocrx_word' id='word_1_39' title='bbox 631 1222 670 1279; x_wconf 81' lang='lat'><strong>22</strong></span> <span class='ocrx_word' id='word_1_40' title='bbox 674 1223 702 1280; x_wconf 91' lang='lat'><strong>8.</strong></span> 
     </span>
    </p>

    <p class='ocr_par' dir='ltr' id='par_1_3' title="bbox 167 1314 1272 1786">
     <span class='ocr_line' id='line_1_6' title="bbox 209 1314 1268 1397; baseline 0 -21"><span class='ocrx_word' id='word_1_41' title='bbox 209 1320 330 1378; x_wconf 78' lang='lat' dir='ltr'><strong>Femina</strong></span> <span class='ocrx_word' id='word_1_42' title='bbox 349 1319 524 1378; x_wconf 75' lang='lat' dir='ltr'><strong><em>dominatur.</em></strong></span> <span class='ocrx_word' id='word_1_43' title='bbox 534 1352 576 1362; x_wconf 95' lang='lat'><em>-</em></span> <span class='ocrx_word' id='word_1_44' title='bbox 585 1314 661 1377; x_wconf 74' lang='lat' dir='ltr'><strong>‘l&#39;hat</strong></span> <span class='ocrx_word' id='word_1_45' title='bbox 675 1316 806 1377; x_wconf 81' lang='lat' dir='ltr'><strong>assmals</strong></span> <span class='ocrx_word' id='word_1_46' title='bbox 824 1315 927 1376; x_wconf 82' lang='lat' dir='ltr'><strong>should</strong></span> <span class='ocrx_word' id='word_1_47' title='bbox 946 1317 1070 1377; x_wconf 87' lang='lat' dir='ltr'><strong>exercise</strong></span> <span class='ocrx_word' id='word_1_48' title='bbox 1084 1318 1161 1396; x_wconf 84' lang='lat' dir='ltr'><strong>regal</strong></span> <span class='ocrx_word' id='word_1_49' title='bbox 1175 1337 1268 1397; x_wconf 79' lang='lat' dir='ltr'><strong>power</strong></span> 
     </span>
     <span class='ocr_line' id='line_1_7' title="bbox 167 1414 1266 1492; baseline -0.001 -17"><span class='ocrx_word' id='word_1_50' title='bbox 167 1437 223 1476; x_wconf 82' lang='lat' dir='ltr'><strong>was</strong></span> <span class='ocrx_word' id='word_1_51' title='bbox 243 1416 468 1492; x_wconf 86' lang='lat' dir='ltr'><strong>extraordinary,</strong></span> <span class='ocrx_word' id='word_1_52' title='bbox 490 1423 541 1475; x_wconf 86' lang='lat' dir='ltr'><strong>not</strong></span> <span class='ocrx_word' id='word_1_53' title='bbox 561 1436 591 1475; x_wconf 87' lang='lat' dir='ltr'><strong>so</strong></span> <span class='ocrx_word' id='word_1_54' title='bbox 611 1415 698 1474; x_wconf 90' lang='lat' dir='ltr'><strong>much</strong></span> <span class='ocrx_word' id='word_1_55' title='bbox 719 1415 751 1473; x_wconf 93' lang='lat' dir='ltr'><strong>in</strong></span> <span class='ocrx_word' id='word_1_56' title='bbox 771 1414 822 1473; x_wconf 85' lang='lat' dir='ltr'><strong>the</strong></span> <span class='ocrx_word' id='word_1_57' title='bbox 843 1434 908 1491; x_wconf 85' lang='lat' dir='ltr'><strong>eyes</strong></span> <span class='ocrx_word' id='word_1_58' title='bbox 932 1414 965 1473; x_wconf 85' lang='lat' dir='ltr'><strong>of</strong></span> <span class='ocrx_word' id='word_1_59' title='bbox 982 1415 1100 1474; x_wconf 80' lang='lat' dir='ltr'><strong>&#39;l&#39;acitns</strong></span> <span class='ocrx_word' id='word_1_60' title='bbox 1123 1415 1207 1488; x_wconf 81' lang='lat' dir='ltr'><strong>(who,</strong></span> <span class='ocrx_word' id='word_1_61' title='bbox 1234 1416 1266 1475; x_wconf 91' lang='lat' dir='ltr'><strong>in</strong></span> 
     </span>
     <span class='ocr_line' id='line_1_8' title="bbox 168 1512 1268 1592; baseline 0 -20"><span class='ocrx_word' id='word_1_62' title='bbox 168 1513 217 1572; x_wconf 90' lang='lat' dir='ltr'><strong>the</strong></span> <span class='ocrx_word' id='word_1_63' title='bbox 238 1534 300 1572; x_wconf 88' lang='lat' dir='ltr'><strong>case</strong></span> <span class='ocrx_word' id='word_1_64' title='bbox 320 1513 353 1572; x_wconf 89' lang='lat' dir='ltr'><strong>of</strong></span> <span class='ocrx_word' id='word_1_65' title='bbox 369 1512 419 1572; x_wconf 88' lang='lat' dir='ltr'><strong>the</strong></span> <span class='ocrx_word' id='word_1_66' title='bbox 440 1512 549 1572; x_wconf 90' lang='lat' dir='ltr'><strong>British</strong></span> <span class='ocrx_word' id='word_1_67' title='bbox 571 1512 719 1585; x_wconf 85' lang='lat' dir='ltr'><strong>Boadicea,</strong></span> <span class='ocrx_word' id='word_1_68' title='bbox 735 1512 899 1571; x_wconf 84' lang='lat' dir='ltr'><strong>mentioned</strong></span> <span class='ocrx_word' id='word_1_69' title='bbox 920 1512 959 1590; x_wconf 78' lang='lat' dir='ltr'><strong>by</strong></span> <span class='ocrx_word' id='word_1_70' title='bbox 973 1512 1034 1571; x_wconf 91' lang='lat' dir='ltr'><strong>him</strong></span> <span class='ocrx_word' id='word_1_71' title='bbox 1058 1513 1089 1572; x_wconf 92' lang='lat' dir='ltr'><strong>in</strong></span> <span class='ocrx_word' id='word_1_72' title='bbox 1112 1512 1161 1572; x_wconf 86' lang='lat' dir='ltr'><strong>the</strong></span> <span class='ocrx_word' id='word_1_73' title='bbox 1183 1513 1268 1592; x_wconf 81' lang='lat' dir='ltr'><strong>Agri·</strong></span> 
     </span>
     <span class='ocr_line' id='line_1_9' title="bbox 168 1610 1269 1688; baseline 0 -18"><span class='ocrx_word' id='word_1_74' title='bbox 168 1611 237 1683; x_wconf 85' lang='lat' dir='ltr'><strong>cola,</strong></span> <span class='ocrx_word' id='word_1_75' title='bbox 266 1612 372 1688; x_wconf 82' lang='lat' dir='ltr'>merely</span> <span class='ocrx_word' id='word_1_76' title='bbox 395 1610 532 1683; x_wconf 82' lang='lat' dir='ltr'>remarks,</span> <span class='ocrx_word' id='word_1_77' title='bbox 564 1631 651 1686; x_wconf 74' lang='lat' dir='ltr'><strong>neqssc</strong></span> <span class='ocrx_word' id='word_1_78' title='bbox 679 1611 755 1669; x_wconf 79' lang='lat' dir='ltr'><strong>enim</strong></span> <span class='ocrx_word' id='word_1_79' title='bbox 775 1629 870 1668; x_wconf 69' lang='lat' dir='ltr'><strong>mm</strong></span> <span class='ocrx_word' id='word_1_80' title='bbox 888 1610 922 1668; x_wconf 84' lang='lat' dir='ltr'><strong>in</strong></span> <span class='ocrx_word' id='word_1_81' title='bbox 950 1611 1076 1686; x_wconf 68' lang='lat' dir='ltr'><strong>imperial</strong></span> <span class='ocrx_word' id='word_1_82' title='bbox 1099 1612 1269 1684; x_wconf 69' lang='lat' dir='ltr'><strong>(lucernam,</strong></span> 
     </span>
     <span class='ocr_line' id='line_1_10' title="bbox 169 1706 1272 1786; baseline 0.002 -20"><span class='ocrx_word' id='word_1_83' title='bbox 169 1706 291 1766; x_wconf 85' lang='lat' dir='ltr'><strong>without</strong></span> <span class='ocrx_word' id='word_1_84' title='bbox 305 1727 362 1784; x_wconf 91' lang='lat' dir='ltr'><strong>any</strong></span> <span class='ocrx_word' id='word_1_85' title='bbox 375 1708 540 1786; x_wconf 76' lang='lat' dir='ltr'><strong>suggestion</strong></span> <span class='ocrx_word' id='word_1_86' title='bbox 558 1709 591 1767; x_wconf 81' lang='lat' dir='ltr'><strong>ol</strong></span> <span class='ocrx_word' id='word_1_87' title='bbox 602 1707 650 1768; x_wconf 89' lang='lat' dir='ltr'><strong>the</strong></span> <span class='ocrx_word' id='word_1_88' title='bbox 664 1714 766 1766; x_wconf 83' lang='lat' dir='ltr'><strong>extent</strong></span> <span class='ocrx_word' id='word_1_89' title='bbox 780 1712 809 1766; x_wconf 86' lang='lat' dir='ltr'><strong>to</strong></span> <span class='ocrx_word' id='word_1_90' title='bbox 823 1706 916 1766; x_wconf 81' lang='lat' dir='ltr'><strong>which</strong></span> <span class='ocrx_word' id='word_1_91' title='bbox 937 1707 962 1766; x_wconf 94' lang='lat' dir='ltr'><strong>it</strong></span> <span class='ocrx_word' id='word_1_92' title='bbox 983 1708 1008 1766; x_wconf 89' lang='lat' dir='ltr'><strong>is</strong></span> <span class='ocrx_word' id='word_1_93' title='bbox 1028 1707 1077 1767; x_wconf 86' lang='lat' dir='ltr'><strong>the</strong></span> <span class='ocrx_word' id='word_1_94' title='bbox 1095 1727 1222 1767; x_wconf 80' lang='lat' dir='ltr'><strong>measure</strong></span> <span class='ocrx_word' id='word_1_95' title='bbox 1239 1708 1272 1768; x_wconf 86' lang='lat' dir='ltr'><strong>of</strong></span> 
     </span>
    </p>
   </div>
   <div class='ocr_carea' id='block_1_3' title="bbox 167 1803 1269 1958">
    <p class='ocr_par' dir='ltr' id='par_1_4' title="bbox 167 1803 1269 1958">
     <span class='ocr_line' id='line_1_11' title="bbox 167 1803 1269 1884; baseline 0.001 -20"><span class='ocrx_word' id='word_1_96' title='bbox 167 1825 185 1864; x_wconf 92' lang='lat' dir='ltr'><strong>a</strong></span> <span class='ocrx_word' id='word_1_97' title='bbox 207 1806 308 1864; x_wconf 84' lang='lat' dir='ltr'><strong>servile</strong></span> <span class='ocrx_word' id='word_1_98' title='bbox 330 1813 439 1883; x_wconf 86' lang='lat' dir='ltr'><strong>temper</strong></span> <span class='ocrx_word' id='word_1_99' title='bbox 452 1824 490 1865; x_wconf 89' lang='lat' dir='ltr'><strong>on</strong></span> <span class='ocrx_word' id='word_1_100' title='bbox 513 1805 562 1865; x_wconf 88' lang='lat' dir='ltr'><strong>the</strong></span> <span class='ocrx_word' id='word_1_101' title='bbox 585 1813 653 1884; x_wconf 86' lang='lat' dir='ltr'><strong>part</strong></span> <span class='ocrx_word' id='word_1_102' title='bbox 676 1805 708 1864; x_wconf 84' lang='lat' dir='ltr'><strong>os</strong></span> <span class='ocrx_word' id='word_1_103' title='bbox 726 1804 776 1864; x_wconf 88' lang='lat' dir='ltr'><strong>the</strong></span> <span class='ocrx_word' id='word_1_104' title='bbox 799 1803 922 1883; x_wconf 87' lang='lat' dir='ltr'><strong>nation),</strong></span> <span class='ocrx_word' id='word_1_105' title='bbox 942 1805 996 1864; x_wconf 87' lang='lat' dir='ltr'><strong>but</strong></span> <span class='ocrx_word' id='word_1_106' title='bbox 1016 1806 1047 1864; x_wconf 93' lang='lat' dir='ltr'><strong>in</strong></span> <span class='ocrx_word' id='word_1_107' title='bbox 1069 1804 1149 1865; x_wconf 88' lang='lat' dir='ltr'><strong>those</strong></span> <span class='ocrx_word' id='word_1_108' title='bbox 1169 1806 1202 1865; x_wconf 87' lang='lat' dir='ltr'><strong>of</strong></span> <span class='ocrx_word' id='word_1_109' title='bbox 1219 1804 1269 1865; x_wconf 87' lang='lat' dir='ltr'><strong>the</strong></span> 
     </span>
     <span class='ocr_line' id='line_1_12' title="bbox 168 1897 1269 1958; baseline 0.001 -2"><span class='ocrx_word' id='word_1_110' title='bbox 168 1898 307 1957; x_wconf 78' lang='lat' dir='ltr'><strong>Genusus</strong></span> <span class='ocrx_word' id='word_1_111' title='bbox 328 1898 391 1958; x_wconf 80' lang='lat' dir='ltr'><strong>who</strong></span> <span class='ocrx_word' id='word_1_112' title='bbox 410 1918 481 1958; x_wconf 87' lang='lat' dir='ltr'><strong>were</strong></span> <span class='ocrx_word' id='word_1_113' title='bbox 501 1899 550 1957; x_wconf 86' lang='lat' dir='ltr'><strong>the</strong></span> <span class='ocrx_word' id='word_1_114' title='bbox 578 1898 640 1957; x_wconf 90' lang='lat' dir='ltr'><strong>first</strong></span> <span class='ocrx_word' id='word_1_115' title='bbox 669 1898 839 1957; x_wconf 82' lang='lat' dir='ltr'><strong>informants</strong></span> <span class='ocrx_word' id='word_1_116' title='bbox 865 1897 953 1956; x_wconf 87' lang='lat' dir='ltr'><strong>about</strong></span> <span class='ocrx_word' id='word_1_117' title='bbox 975 1898 1024 1957; x_wconf 88' lang='lat' dir='ltr'><strong>the</strong></span> <span class='ocrx_word' id='word_1_118' title='bbox 1057 1898 1175 1956; x_wconf 83' lang='lat' dir='ltr'><strong>Sitones.</strong></span> <span class='ocrx_word' id='word_1_119' title='bbox 1231 1898 1269 1957; x_wconf 89' lang='lat' dir='ltr'><strong>So</strong></span> 
     </span>
    </p>
   </div>
   <div class='ocr_carea' id='block_1_4' title="bbox 167 1994 1154 2076">
    <p class='ocr_par' dir='ltr' id='par_1_5' title="bbox 167 1994 1154 2076">
     <span class='ocr_line' id='line_1_13' title="bbox 167 1994 1154 2076; baseline 0.001 -21"><span class='ocrx_word' id='word_1_120' title='bbox 167 1997 247 2073; x_wconf 82' lang='lat' dir='ltr'><strong>early</strong></span> <span class='ocrx_word' id='word_1_121' title='bbox 268 2016 324 2056; x_wconf 84' lang='lat' dir='ltr'><strong>was</strong></span> <span class='ocrx_word' id='word_1_122' title='bbox 345 1996 394 2055; x_wconf 90' lang='lat' dir='ltr'><strong>the</strong></span> <span class='ocrx_word' id='word_1_123' title='bbox 414 1996 499 2076; x_wconf 77' lang='lat' dir='ltr'><strong>spirit</strong></span> <span class='ocrx_word' id='word_1_124' title='bbox 517 1995 610 2055; x_wconf 80' lang='lat' dir='ltr'><strong>which</strong></span> <span class='ocrx_word' id='word_1_125' title='bbox 631 1995 759 2055; x_wconf 67' lang='lat' dir='ltr'><strong>diotawd</strong></span> <span class='ocrx_word' id='word_1_126' title='bbox 778 1994 828 2054; x_wconf 88' lang='lat' dir='ltr'><strong>the</strong></span> <span class='ocrx_word' id='word_1_127' title='bbox 849 1994 926 2055; x_wconf 87' lang='lat' dir='ltr'><strong>Salio</strong></span> <span class='ocrx_word' id='word_1_128' title='bbox 945 1996 1000 2055; x_wconf 75' lang='lat' dir='ltr'><strong>lau</strong></span> <span class='ocrx_word' id='word_1_129' title='bbox 1018 1995 1049 2055; x_wconf 93' lang='lat' dir='ltr'><strong>in</strong></span> <span class='ocrx_word' id='word_1_130' title='bbox 1069 1995 1154 2056; x_wconf 83' lang='lat' dir='ltr'><strong>force.</strong></span> 
     </span>
    </p>
   </div>
   <div class='ocr_carea' id='block_1_5' title="bbox 171 2491 1360 4808">
    <p class='ocr_par' dir='ltr' id='par_1_6' title="bbox 171 2491 1360 4808">
     <span class='ocr_line' id='line_1_14' title="bbox 221 2491 1264 2586; baseline 0.001 -22"><span class='ocrx_word' id='word_1_131' title='bbox 221 2492 363 2567; x_wconf 88' lang='lat' dir='ltr'><strong>XLVI.</strong></span> <span class='ocrx_word' id='word_1_132' title='bbox 391 2492 640 2575; x_wconf 86' lang='lat' dir='ltr'><strong>Peucinorum,</strong></span> <span class='ocrx_word' id='word_1_133' title='bbox 659 2491 974 2586; x_wconf 90' lang='lat' dir='ltr'><strong>Venedorumque,</strong></span> <span class='ocrx_word' id='word_1_134' title='bbox 995 2502 1033 2564; x_wconf 88' lang='lat' dir='ltr'><strong>et</strong></span> <span class='ocrx_word' id='word_1_135' title='bbox 1060 2492 1264 2567; x_wconf 84' lang='lat' dir='ltr'><strong>Fennorum</strong></span> 
     </span>
     <span class='ocr_line' id='line_1_15' title="bbox 171 2609 1263 2685; baseline 0.001 -2"><span class='ocrx_word' id='word_1_136' title='bbox 171 2613 334 2683; x_wconf 87' lang='lat' dir='ltr'><strong>nationes</strong></span> <span class='ocrx_word' id='word_1_137' title='bbox 369 2610 558 2682; x_wconf 89' lang='lat' dir='ltr'><strong>Germanis</strong></span> <span class='ocrx_word' id='word_1_138' title='bbox 591 2633 638 2681; x_wconf 91' lang='lat' dir='ltr'><strong>an</strong></span> <span class='ocrx_word' id='word_1_139' title='bbox 677 2609 850 2681; x_wconf 86' lang='lat' dir='ltr'><strong>Sarmatis</strong></span> <span class='ocrx_word' id='word_1_140' title='bbox 883 2611 1080 2682; x_wconf 83' lang='lat' dir='ltr'><strong>adscribam</strong></span> <span class='ocrx_word' id='word_1_141' title='bbox 1116 2612 1263 2685; x_wconf 88' lang='lat' dir='ltr'><strong>dubito:</strong></span> 
     </span>
     <span class='ocr_line' id='line_1_16' title="bbox 172 2727 1265 2822; baseline 0.001 -22"><span class='ocrx_word' id='word_1_142' title='bbox 172 2753 387 2822; x_wconf 89' lang='lat' dir='ltr'><strong>quamquam</strong></span> <span class='ocrx_word' id='word_1_143' title='bbox 409 2728 568 2811; x_wconf 86' lang='lat' dir='ltr'><strong>Peucini,</strong></span> <span class='ocrx_word' id='word_1_144' title='bbox 596 2750 683 2820; x_wconf 92' lang='lat' dir='ltr'><strong>quos</strong></span> <span class='ocrx_word' id='word_1_145' title='bbox 713 2729 858 2820; x_wconf 90' lang='lat' dir='ltr'><strong>quidam</strong></span> <span class='ocrx_word' id='word_1_146' title='bbox 890 2727 1097 2800; x_wconf 88' lang='lat' dir='ltr'><strong>Bastarnas¹</strong></span> <span class='ocrx_word' id='word_1_147' title='bbox 1128 2739 1265 2815; x_wconf 86' lang='lat' dir='ltr'><strong>vocant,</strong></span> 
     </span>
     <span class='ocr_line' id='line_1_17' title="bbox 173 2844 1264 2941; baseline 0.003 -24"><span class='ocrx_word' id='word_1_148' title='bbox 173 2870 346 2928; x_wconf 90' lang='lat' dir='ltr'><strong>sermone,</strong></span> <span class='ocrx_word' id='word_1_149' title='bbox 365 2846 475 2929; x_wconf 90' lang='lat' dir='ltr'><strong>cultu,</strong></span> <span class='ocrx_word' id='word_1_150' title='bbox 493 2846 587 2929; x_wconf 88' lang='lat' dir='ltr'><strong>sede,</strong></span> <span class='ocrx_word' id='word_1_151' title='bbox 603 2868 645 2915; x_wconf 90' lang='lat' dir='ltr'><strong>ac</strong></span> <span class='ocrx_word' id='word_1_152' title='bbox 662 2844 859 2929; x_wconf 88' lang='lat' dir='ltr'><strong>domiciliis,</strong></span> <span class='ocrx_word' id='word_1_153' title='bbox 878 2853 920 2916; x_wconf 85' lang='lat' dir='ltr'><strong>ut</strong></span> <span class='ocrx_word' id='word_1_154' title='bbox 936 2845 1106 2917; x_wconf 89' lang='lat' dir='ltr'><strong>Germani</strong></span> <span class='ocrx_word' id='word_1_155' title='bbox 1132 2856 1264 2941; x_wconf 87' lang='lat' dir='ltr'><strong>agunt:</strong></span> 
     </span>
     <span class='ocr_line' id='line_1_18' title="bbox 173 2963 1266 3055; baseline 0 -20"><span class='ocrx_word' id='word_1_156' title='bbox 173 2963 292 3035; x_wconf 93' lang='lat' dir='ltr'><strong>sordes</strong></span> <span class='ocrx_word' id='word_1_157' title='bbox 316 2964 475 3033; x_wconf 90' lang='lat' dir='ltr'><strong>omnium</strong></span> <span class='ocrx_word' id='word_1_158' title='bbox 498 2986 540 3033; x_wconf 91' lang='lat' dir='ltr'><strong>ac</strong></span> <span class='ocrx_word' id='word_1_159' title='bbox 557 2970 698 3055; x_wconf 87' lang='lat' dir='ltr'><strong>torpor:</strong></span> <span class='ocrx_word' id='word_1_160' title='bbox 724 2985 911 3054; x_wconf 91' lang='lat' dir='ltr'><strong>procerum</strong></span> <span class='ocrx_word' id='word_1_161' title='bbox 928 2963 1115 3034; x_wconf 92' lang='lat' dir='ltr'><strong>connubiis</strong></span> <span class='ocrx_word' id='word_1_162' title='bbox 1131 2966 1266 3048; x_wconf 84' lang='lat' dir='ltr'><strong>mixtis,</strong></span> 
     </span>
     <span class='ocr_line' id='line_1_19' title="bbox 174 3078 1266 3153; baseline 0.002 -3"><span class='ocrx_word' id='word_1_163' title='bbox 174 3080 336 3151; x_wconf 92' lang='lat' dir='ltr'><strong>nonnihil</strong></span> <span class='ocrx_word' id='word_1_164' title='bbox 361 3081 397 3149; x_wconf 93' lang='lat' dir='ltr'><strong>in</strong></span> <span class='ocrx_word' id='word_1_165' title='bbox 416 3079 658 3151; x_wconf 87' lang='lat' dir='ltr'><strong>Sarmatarum</strong></span> <span class='ocrx_word' id='word_1_166' title='bbox 681 3078 843 3149; x_wconf 86' lang='lat' dir='ltr'><strong>habitum</strong></span> <span class='ocrx_word' id='word_1_167' title='bbox 863 3078 1050 3150; x_wconf 85' lang='lat' dir='ltr'><strong>foedantur.</strong></span> <span class='ocrx_word' id='word_1_168' title='bbox 1103 3079 1266 3153; x_wconf 74' lang='lat' dir='ltr'><strong>Venedi²</strong></span> 
     </span>
     <span class='ocr_line' id='line_1_20' title="bbox 172 3195 1268 3290; baseline 0.002 -23"><span class='ocrx_word' id='word_1_169' title='bbox 172 3197 328 3268; x_wconf 89' lang='lat' dir='ltr'><strong>multum</strong></span> <span class='ocrx_word' id='word_1_170' title='bbox 348 3220 395 3267; x_wconf 87' lang='lat' dir='ltr'><strong>ex</strong></span> <span class='ocrx_word' id='word_1_171' title='bbox 422 3195 579 3267; x_wconf 90' lang='lat' dir='ltr'><strong>moribus</strong></span> <span class='ocrx_word' id='word_1_172' title='bbox 600 3204 797 3267; x_wconf 87' lang='lat' dir='ltr'><strong>traxerunt.</strong></span> <span class='ocrx_word' id='word_1_173' title='bbox 850 3195 948 3267; x_wconf 91' lang='lat' dir='ltr'><strong>Nam</strong></span> <span class='ocrx_word' id='word_1_174' title='bbox 970 3197 1142 3290; x_wconf 92' lang='lat' dir='ltr'><strong>quidquid</strong></span> <span class='ocrx_word' id='word_1_175' title='bbox 1172 3199 1268 3269; x_wconf 89' lang='lat' dir='ltr'><strong>inter</strong></span> 
     </span>
     <span class='ocr_line' id='line_1_21' title="bbox 174 3312 1265 3409; baseline 0.002 -25"><span class='ocrx_word' id='word_1_176' title='bbox 174 3314 349 3385; x_wconf 91' lang='lat' dir='ltr'><strong>Peucinos</strong></span> <span class='ocrx_word' id='word_1_177' title='bbox 380 3312 609 3406; x_wconf 87' lang='lat' dir='ltr'><strong>Fennosque³</strong></span> <span class='ocrx_word' id='word_1_178' title='bbox 636 3312 804 3383; x_wconf 86' lang='lat' dir='ltr'><strong>silvarum</strong></span> <span class='ocrx_word' id='word_1_179' title='bbox 833 3336 874 3383; x_wconf 91' lang='lat' dir='ltr'><strong>ac</strong></span> <span class='ocrx_word' id='word_1_180' title='bbox 905 3315 1083 3385; x_wconf 88' lang='lat' dir='ltr'><strong>montium</strong></span> <span class='ocrx_word' id='word_1_181' title='bbox 1108 3316 1265 3409; x_wconf 88' lang='lat' dir='ltr'><strong>erigitur,</strong></span> 
     </span>
     <span class='ocr_line' id='line_1_22' title="bbox 175 3428 1269 3526; baseline 0.001 -24"><span class='ocrx_word' id='word_1_182' title='bbox 175 3431 369 3502; x_wconf 86' lang='lat' dir='ltr'><strong>latrociniis</strong></span> <span class='ocrx_word' id='word_1_183' title='bbox 390 3438 584 3523; x_wconf 89' lang='lat' dir='ltr'><strong>pererrant.</strong></span> <span class='ocrx_word' id='word_1_184' title='bbox 636 3428 688 3498; x_wconf 89' lang='lat' dir='ltr'><strong>Hi</strong></span> <span class='ocrx_word' id='word_1_185' title='bbox 712 3437 833 3500; x_wconf 90' lang='lat' dir='ltr'><strong>tamen</strong></span> <span class='ocrx_word' id='word_1_186' title='bbox 856 3430 951 3501; x_wconf 87' lang='lat' dir='ltr'><strong>inter</strong></span> <span class='ocrx_word' id='word_1_187' title='bbox 978 3430 1175 3502; x_wconf 87' lang='lat' dir='ltr'><strong>Germanos</strong></span> <span class='ocrx_word' id='word_1_188' title='bbox 1206 3456 1269 3526; x_wconf 92' lang='lat' dir='ltr'><strong>po-</strong></span> 
     </span>
     <span class='ocr_line' id='line_1_23' title="bbox 175 3546 1269 3643; baseline 0.002 -25"><span class='ocrx_word' id='word_1_189' title='bbox 175 3549 249 3619; x_wconf 77' lang='lat' dir='ltr'><strong>tius</strong></span> <span class='ocrx_word' id='word_1_190' title='bbox 282 3547 494 3631; x_wconf 87' lang='lat' dir='ltr'><strong>referuntur,</strong></span> <span class='ocrx_word' id='word_1_191' title='bbox 521 3547 604 3639; x_wconf 88' lang='lat' dir='ltr'><strong>quia</strong></span> <span class='ocrx_word' id='word_1_192' title='bbox 629 3556 668 3616; x_wconf 88' lang='lat' dir='ltr'><strong>et</strong></span> <span class='ocrx_word' id='word_1_193' title='bbox 694 3546 817 3616; x_wconf 91' lang='lat' dir='ltr'><strong>domos</strong></span> <span class='ocrx_word' id='word_1_194' title='bbox 843 3546 993 3640; x_wconf 88' lang='lat' dir='ltr'><strong>fingunt,</strong></span> <span class='ocrx_word' id='word_1_195' title='bbox 1019 3556 1056 3617; x_wconf 89' lang='lat' dir='ltr'><strong>et</strong></span> <span class='ocrx_word' id='word_1_196' title='bbox 1082 3559 1183 3618; x_wconf 88' lang='lat' dir='ltr'><strong>scuta</strong></span> <span class='ocrx_word' id='word_1_197' title='bbox 1207 3572 1269 3643; x_wconf 91' lang='lat' dir='ltr'><strong>ge-</strong></span> 
     </span>
     <span class='ocr_line' id='line_1_24' title="bbox 175 3663 1268 3758; baseline 0 -22"><span class='ocrx_word' id='word_1_198' title='bbox 175 3674 281 3747; x_wconf 87' lang='lat' dir='ltr'><strong>stant,</strong></span> <span class='ocrx_word' id='word_1_199' title='bbox 316 3673 354 3735; x_wconf 91' lang='lat' dir='ltr'><strong>et</strong></span> <span class='ocrx_word' id='word_1_200' title='bbox 389 3664 520 3758; x_wconf 91' lang='lat' dir='ltr'><strong>pedum</strong></span> <span class='ocrx_word' id='word_1_201' title='bbox 560 3685 625 3733; x_wconf 91' lang='lat' dir='ltr'><strong>usu</strong></span> <span class='ocrx_word' id='word_1_202' title='bbox 659 3685 701 3733; x_wconf 88' lang='lat' dir='ltr'><strong>ac</strong></span> <span class='ocrx_word' id='word_1_203' title='bbox 735 3663 948 3755; x_wconf 87' lang='lat' dir='ltr'><strong>pernicitate</strong></span> <span class='ocrx_word' id='word_1_204' title='bbox 973 3664 1156 3757; x_wconf 86' lang='lat' dir='ltr'><strong>gaudent;</strong></span> <span class='ocrx_word' id='word_1_205' title='bbox 1190 3689 1268 3758; x_wconf 83' lang='lat' dir='ltr'><strong>quoe</strong></span> 
     </span>
     <span class='ocr_line' id='line_1_25' title="bbox 176 3779 1270 3874; baseline 0.001 -22"><span class='ocrx_word' id='word_1_206' title='bbox 176 3783 295 3852; x_wconf 91' lang='lat' dir='ltr'><strong>omnia</strong></span> <span class='ocrx_word' id='word_1_207' title='bbox 317 3781 455 3851; x_wconf 84' lang='lat' dir='ltr'><strong>diversa</strong></span> <span class='ocrx_word' id='word_1_208' title='bbox 478 3779 649 3851; x_wconf 85' lang='lat' dir='ltr'><strong>Sarmatis</strong></span> <span class='ocrx_word' id='word_1_209' title='bbox 675 3789 768 3862; x_wconf 89' lang='lat' dir='ltr'><strong>sunt,</strong></span> <span class='ocrx_word' id='word_1_210' title='bbox 786 3780 823 3849; x_wconf 94' lang='lat' dir='ltr'><strong>in</strong></span> <span class='ocrx_word' id='word_1_211' title='bbox 845 3779 1004 3872; x_wconf 89' lang='lat' dir='ltr'><strong>plaustro</strong></span> <span class='ocrx_word' id='word_1_212' title='bbox 1029 3805 1192 3874; x_wconf 87' lang='lat' dir='ltr'><strong>equoque</strong></span> <span class='ocrx_word' id='word_1_213' title='bbox 1217 3784 1270 3853; x_wconf 89' lang='lat' dir='ltr'><strong>vi·</strong></span> 
     </span>
     <span class='ocr_line' id='line_1_26' title="bbox 176 3895 1269 3992; baseline 0.002 -23"><span class='ocrx_word' id='word_1_214' title='bbox 176 3897 352 3969; x_wconf 87' lang='lat' dir='ltr'><strong>ventibus.</strong></span> <span class='ocrx_word' id='word_1_215' title='bbox 399 3896 530 3968; x_wconf 87' lang='lat' dir='ltr'><strong>Fennis</strong></span> <span class='ocrx_word' id='word_1_216' title='bbox 556 3899 646 3967; x_wconf 89' lang='lat' dir='ltr'><strong>mira</strong></span> <span class='ocrx_word' id='word_1_217' title='bbox 672 3897 803 3979; x_wconf 85' lang='lat' dir='ltr'><strong>feritas,</strong></span> <span class='ocrx_word' id='word_1_218' title='bbox 831 3895 927 3968; x_wconf 86' lang='lat' dir='ltr'><strong>foeda</strong></span> <span class='ocrx_word' id='word_1_219' title='bbox 954 3908 1163 3992; x_wconf 86' lang='lat' dir='ltr'><strong>paupertas:</strong></span> <span class='ocrx_word' id='word_1_220' title='bbox 1196 3923 1269 3971; x_wconf 92' lang='lat' dir='ltr'><strong>non</strong></span> 
     </span>
     <span class='ocr_line' id='line_1_27' title="bbox 175 4014 1268 4108; baseline 0.002 -22"><span class='ocrx_word' id='word_1_221' title='bbox 175 4038 282 4096; x_wconf 88' lang='lat' dir='ltr'><strong>arma,</strong></span> <span class='ocrx_word' id='word_1_222' title='bbox 309 4037 382 4085; x_wconf 93' lang='lat' dir='ltr'><strong>non</strong></span> <span class='ocrx_word' id='word_1_223' title='bbox 412 4014 505 4108; x_wconf 89' lang='lat' dir='ltr'><strong>equi,</strong></span> <span class='ocrx_word' id='word_1_224' title='bbox 536 4036 608 4083; x_wconf 93' lang='lat' dir='ltr'><strong>non</strong></span> <span class='ocrx_word' id='word_1_225' title='bbox 633 4021 803 4106; x_wconf 86' lang='lat' dir='ltr'><strong>penates:</strong></span> <span class='ocrx_word' id='word_1_226' title='bbox 832 4014 943 4085; x_wconf 87' lang='lat' dir='ltr'><strong>victui</strong></span> <span class='ocrx_word' id='word_1_227' title='bbox 971 4014 1091 4099; x_wconf 88' lang='lat' dir='ltr'><strong>herba,</strong></span> <span class='ocrx_word' id='word_1_228' title='bbox 1122 4018 1268 4090; x_wconf 85' lang='lat' dir='ltr'><strong>vestitui</strong></span> 
     </span>
     <span class='ocr_line' id='line_1_28' title="bbox 176 4127 1271 4229; baseline 0.004 -26"><span class='ocrx_word' id='word_1_229' title='bbox 176 4131 308 4225; x_wconf 90' lang='lat' dir='ltr'><strong>pelles:</strong></span> <span class='ocrx_word' id='word_1_230' title='bbox 331 4130 449 4201; x_wconf 92' lang='lat' dir='ltr'><strong>cubile</strong></span> <span class='ocrx_word' id='word_1_231' title='bbox 466 4130 614 4200; x_wconf 89' lang='lat' dir='ltr'><strong>humus:</strong></span> <span class='ocrx_word' id='word_1_232' title='bbox 637 4127 712 4200; x_wconf 89' lang='lat' dir='ltr'><strong>sola</strong></span> <span class='ocrx_word' id='word_1_233' title='bbox 729 4129 765 4198; x_wconf 93' lang='lat' dir='ltr'><strong>in</strong></span> <span class='ocrx_word' id='word_1_234' title='bbox 784 4131 923 4225; x_wconf 86' lang='lat' dir='ltr'><strong>sagittis</strong></span> <span class='ocrx_word' id='word_1_235' title='bbox 939 4154 1028 4225; x_wconf 87' lang='lat' dir='ltr'><strong>spes,</strong></span> <span class='ocrx_word' id='word_1_236' title='bbox 1047 4156 1134 4225; x_wconf 90' lang='lat' dir='ltr'><strong>quas</strong></span> <span class='ocrx_word' id='word_1_237' title='bbox 1150 4134 1271 4229; x_wconf 76' lang='lat' dir='ltr'><strong>inopiis</strong></span> 
     </span>
     <span class='ocr_line' id='line_1_29' title="bbox 177 4244 1270 4347; baseline 0.005 -28"><span class='ocrx_word' id='word_1_238' title='bbox 177 4248 271 4333; x_wconf 85' lang='lat' dir='ltr'><strong>ferri,</strong></span> <span class='ocrx_word' id='word_1_239' title='bbox 301 4247 437 4319; x_wconf 92' lang='lat' dir='ltr'><strong>ossibus</strong></span> <span class='ocrx_word' id='word_1_240' title='bbox 472 4254 646 4340; x_wconf 77' lang='lat' dir='ltr'><strong>asperent.</strong></span> <span class='ocrx_word' id='word_1_241' title='bbox 699 4244 872 4340; x_wconf 91' lang='lat' dir='ltr'><strong>Idemque</strong></span> <span class='ocrx_word' id='word_1_242' title='bbox 906 4260 1055 4321; x_wconf 86' lang='lat' dir='ltr'><strong>venatus</strong></span> <span class='ocrx_word' id='word_1_243' title='bbox 1085 4253 1178 4323; x_wconf 86' lang='lat' dir='ltr'><strong>viros</strong></span> <span class='ocrx_word' id='word_1_244' title='bbox 1210 4277 1270 4347; x_wconf 93' lang='lat' dir='ltr'><strong>pa-</strong></span> 
     </span>
     <span class='ocr_line' id='line_1_30' title="bbox 175 4361 1269 4463; baseline 0.005 -27"><span class='ocrx_word' id='word_1_245' title='bbox 175 4367 263 4436; x_wconf 86' lang='lat' dir='ltr'><strong>riter</strong></span> <span class='ocrx_word' id='word_1_246' title='bbox 286 4390 327 4437; x_wconf 89' lang='lat' dir='ltr'><strong>ac</strong></span> <span class='ocrx_word' id='word_1_247' title='bbox 347 4365 497 4436; x_wconf 86' lang='lat' dir='ltr'><strong>feminas</strong></span> <span class='ocrx_word' id='word_1_248' title='bbox 521 4363 597 4434; x_wconf 86' lang='lat' dir='ltr'><strong>alit.</strong></span> <span class='ocrx_word' id='word_1_249' title='bbox 651 4361 787 4434; x_wconf 90' lang='lat' dir='ltr'><strong>Passim</strong></span> <span class='ocrx_word' id='word_1_250' title='bbox 813 4366 909 4435; x_wconf 91' lang='lat' dir='ltr'><strong>enim</strong></span> <span class='ocrx_word' id='word_1_251' title='bbox 936 4369 1166 4452; x_wconf 89' lang='lat' dir='ltr'><strong>comitantur,</strong></span> <span class='ocrx_word' id='word_1_252' title='bbox 1190 4394 1269 4463; x_wconf 89' lang='lat' dir='ltr'><strong>par·</strong></span> 
     </span>
     <span class='ocr_line' id='line_1_31' title="bbox 176 4479 1271 4578; baseline 0.003 -24"><span class='ocrx_word' id='word_1_253' title='bbox 176 4492 322 4578; x_wconf 88' lang='lat' dir='ltr'><strong>temque</strong></span> <span class='ocrx_word' id='word_1_254' title='bbox 348 4482 472 4576; x_wconf 86' lang='lat' dir='ltr'><strong>praedae</strong></span> <span class='ocrx_word' id='word_1_255' title='bbox 489 4487 629 4573; x_wconf 87' lang='lat' dir='ltr'><strong>petunt.</strong></span> <span class='ocrx_word' id='word_1_256' title='bbox 683 4479 764 4552; x_wconf 88' lang='lat' dir='ltr'><strong>Nee</strong></span> <span class='ocrx_word' id='word_1_257' title='bbox 781 4481 878 4553; x_wconf 91' lang='lat' dir='ltr'><strong>aliud</strong></span> <span class='ocrx_word' id='word_1_258' title='bbox 901 4485 1096 4556; x_wconf 86' lang='lat' dir='ltr'><strong>infantibus</strong></span> <span class='ocrx_word' id='word_1_259' title='bbox 1118 4486 1271 4559; x_wconf 86' lang='lat' dir='ltr'><strong>ferarum</strong></span> 
     </span>
     <span class='ocr_line' id='line_1_32' title="bbox 176 4596 1360 4696; baseline 0.005 -26"><span class='ocrx_word' id='word_1_260' title='bbox 176 4601 416 4691; x_wconf 89' lang='lat' dir='ltr'><strong>imbriumque</strong></span> <span class='ocrx_word' id='word_1_261' title='bbox 448 4596 652 4690; x_wconf 86' lang='lat' dir='ltr'><strong>suffugium,</strong></span> <span class='ocrx_word' id='word_1_262' title='bbox 681 4597 789 4691; x_wconf 75' lang='lat' dir='ltr'><strong>quam</strong></span> <span class='ocrx_word' id='word_1_263' title='bbox 815 4601 920 4670; x_wconf 91' lang='lat' dir='ltr'><strong>utin</strong></span> <span class='ocrx_word' id='word_1_264' title='bbox 946 4602 1067 4696; x_wconf 89' lang='lat' dir='ltr'><strong>aliquo</strong></span> <span class='ocrx_word' id='word_1_265' title='bbox 1094 4627 1271 4675; x_wconf 87' lang='lat' dir='ltr'><strong>ramorum</strong></span> <span class='ocrx_word' id='word_1_266' title='bbox 1357 4645 1360 4650; x_wconf 95' lang='lat'>-</span> 
     </span>
     <span class='ocr_line' id='line_1_33' title="bbox 176 4713 1273 4808; baseline 0.004 -21"><span class='ocrx_word' id='word_1_267' title='bbox 176 4740 273 4788; x_wconf 89' lang='lat' dir='ltr'><strong>nexu</strong></span> <span class='ocrx_word' id='word_1_268' title='bbox 301 4723 563 4808; x_wconf 87' lang='lat' dir='ltr'><strong>contegantur:</strong></span> <span class='ocrx_word' id='word_1_269' title='bbox 592 4713 662 4783; x_wconf 91' lang='lat' dir='ltr'><strong>huc</strong></span> <span class='ocrx_word' id='word_1_270' title='bbox 691 4715 843 4785; x_wconf 88' lang='lat' dir='ltr'><strong>redeunt</strong></span> <span class='ocrx_word' id='word_1_271' title='bbox 864 4716 1026 4806; x_wconf 85' lang='lat' dir='ltr'><strong>juvenes,</strong></span> <span class='ocrx_word' id='word_1_272' title='bbox 1049 4720 1117 4791; x_wconf 92' lang='lat' dir='ltr'><strong>hoc</strong></span> <span class='ocrx_word' id='word_1_273' title='bbox 1148 4744 1273 4792; x_wconf 92' lang='lat' dir='ltr'><strong>senum</strong></span> 
     </span>
    </p>
   </div>
   <div class='ocr_carea' id='block_1_6' title="bbox 591 4940 892 5008">
    <p class='ocr_par' dir='ltr' id='par_1_7' title="bbox 591 4940 892 5008">
     <span class='ocr_line' id='line_1_34' title="bbox 591 4940 892 5008; baseline 0 0"><span class='ocrx_word' id='word_1_274' title='bbox 591 4940 892 5008; x_wconf 49' lang='lat' dir='ltr'><strong>n—</strong></span> 
     </span>
    </p>
   </div>
   <div class='ocr_carea' id='block_1_7' title="bbox 0 0 1463 5378">
    <p class='ocr_par' dir='ltr' id='par_1_8' title="bbox 0 0 1463 5378">
     <span class='ocr_line' id='line_1_35' title="bbox 0 0 1463 5378; baseline 0 0"><span class='ocrx_word' id='word_1_275' title='bbox 0 0 1463 5378; x_wconf 95' lang='lat' dir='ltr'><strong> </strong></span> 
     </span>
    </p>
   </div>
  </div>
 </body>
</html>
