2886 5378
575 859 868 918 enonaoonnur.
1170 847 1273 918 lxxxi

176 1018 348 1085 adventurn
366 1025 546 1108 exspectare
564 1031 658 1108 atque
680 1024 721 1088 ibi
747 1025 905 1089 decertare
926 1024 1134 1090 constituisse.
1180 1024 1273 1107 Quod

178 1119 231 1184 ubi
259 1121 363 1188 Oaesar
385 1124 547 1209 comperit,
578 1125 722 1190 omnibus
754 1125 802 1190 his
833 1126 925 1191 rebus
953 1125 1110 1203 confectis,
1142 1148 1273 1209 quarum

177 1242 279 1286 rerum
311 1246 419 1289 caussa
450 1224 649 1290 transducere
681 1227 853 1291 exercitum
882 1226 1096 1302 constituerat,
1128 1234 1164 1290 ut
1196 1226 1272 1290 Gen

176 1323 276 1387 manis
299 1332 417 1388 metum
441 1324 589 1412 injiceret,
613 1335 648 1390 nt
672 1325 851 1410 Sigambros
872 1326 1081 1404 ulcisceretur,
1104 1334 1141 1392 ut
1170 1325 1273 1391 Ubios

176 1421 335 1487 obsidione
362 1425 519 1501 liberaret,
542 1425 651 1491 diebus
677 1427 803 1491 omnino
820 1448 853 1491 x.
868 1436 901 1493 et
925 1451 992 1492 vni.
1016 1435 1103 1492 trans
1126 1426 1273 1491 Rhenum

178 1524 357 1603 consumtis,
381 1526 457 1590 satis
482 1535 514 1590 et
542 1527 584 1591 ad
616 1526 740 1591 laudem
767 1537 799 1592 et
828 1526 869 1591 ad
901 1528 1069 1594 utilitatem
1100 1528 1273 1612 profectum

175 1621 353 1702 arbitratus,
368 1648 400 1689 se
416 1626 447 1689 in
466 1626 600 1690 Galliam
615 1627 731 1711 recepit
746 1637 934 1712 pontemque
949 1627 1086 1693 rescidit.

555 1824 625 1863 CAES.
643 1825 725 1864 RELL.
742 1825 830 1865 GALL.
847 1826 890 1867 Vl.

223 1923 288 1987 IX.
313 1923 427 2002 Uaesar,
460 1932 625 2010 postquam
655 1948 695 1989 ex
728 1925 884 2012 Menapiis
920 1925 953 1990 in
993 1925 1138 1990 Treviros
1166 1925 1270 2004 venit,

178 2021 298 2090 duabus
321 2024 360 2088 de
382 2025 497 2091 caussis
520 2026 665 2090 Rhenum
688 2027 818 2092 transire
840 2027 1021 2093 coustituit:
1049 2049 1181 2110 quarum
1204 2033 1272 2090 erat

177 2123 285 2202 altera,
309 2124 392 2210 quod
416 2126 533 2191 auxilia
554 2134 663 2192 contra
687 2151 719 2193 se
745 2127 880 2193 Treviris
905 2128 1076 2199 miserant;
1101 2127 1208 2203 altera,
1232 2149 1272 2190 nc

176 2223 346 2291 Ambiorix
370 2226 412 2290 ad
436 2250 488 2292 eos
508 2236 668 2312 receptum
693 2227 833 2293 haberet.
885 2227 947 2292 His
968 2227 1146 2291 constitutis
1169 2226 1271 2303 rebus,

178 2325 314 2408 paullum
333 2349 427 2412 supra
441 2351 512 2393 eum
538 2329 650 2406 locum,
669 2351 730 2412 quo
752 2335 825 2393 ante
845 2328 1017 2392 exercitum
1037 2327 1270 2403 transduxerat,

177 2423 278 2488 facere
295 2435 421 2511 pontem
447 2429 594 2494 instituit.
640 2429 725 2493 Nota
741 2438 834 2512 atquc
851 2428 996 2493 instituta
1011 2429 1140 2507 ratione,
1158 2449 1273 2512 magno

179 2524 313 2589 militum
329 2527 442 2607 studio,
466 2530 572 2615 paucis
594 2529 703 2595 diebus
724 2553 802 2615 opus
824 2527 966 2594 efficitur.
1011 2527 1119 2593 Firmo
1144 2528 1175 2592 in
1197 2527 1273 2592 Tra·

178 2624 253 2690 viris
271 2628 414 2710 pracsidio
430 2629 470 2694 ad
488 2638 615 2715 pontem
639 2631 757 2706 relicto,
781 2629 903 2714 nequis
923 2631 963 2694 ab
986 2629 1024 2695 iis
1049 2629 1152 2694 subito
1168 2637 1272 2694 motus

177 2725 317 2803 oriretur,
343 2728 475 2815 reliquas
496 2731 601 2816 copias
618 2730 851 2815 equitatumque
875 2729 1060 2795 transducit.
1107 2729 1195 2808 Ubii,
1218 2728 1272 2813 qui

180 2834 253 2890 ante
268 2827 390 2894 obsides
405 2830 554 2895 dederant
571 2840 665 2916 atque
687 2832 719 2896 in
738 2831 926 2896 deditionem
943 2838 1101 2907 venerant,
1117 2830 1271 2916 purgandi

179 2927 226 2991 sui
251 2948 359 2994 caussa
378 2930 419 2994 ad
439 2954 510 2995 enm
530 2931 650 3018 legatos
672 2933 813 3009 mittunt,
830 2932 881 3016 qui
909 2932 1051 3008 doceant,
1077 2938 1096 2966 “
1108 2954 1207 3014 neque
1230 2952 1270 2994 ex

177 3048 233 3092 sua
258 3029 385 3094 civitate
408 3032 525 3096 auxilia
550 3033 582 3096 in
611 3033 755 3098 Treviros
776 3033 880 3110 missa,
913 3055 1012 3116 neque
1043 3031 1085 3096 ab
1113 3053 1146 3096 se
1176 3030 1270 3095 fidem

178 3126 325 3195 laesam:”
348 3139 460 3216 petunt
488 3141 583 3217 atque
604 3142 705 3211 orant,
730 3140 797 3198 “ut
820 3133 878 3199 sibi
904 3140 1021 3218 parcat,
1047 3155 1086 3197 ne
1114 3131 1270 3196 communi

177 3229 247 3294 odio
265 3231 491 3297 Germanorum
506 3234 685 3300 innocentes
702 3258 757 3319 pro
774 3234 955 3298 nocentibus
970 3255 1075 3319 poenas
1090 3232 1227 3317 pendant
1239 3231 1269 3294 :”

175 3329 201 3394 si
230 3333 364 3416 amplius
386 3328 527 3399 obsidum
551 3335 637 3411 velit,
661 3335 734 3399 darc
757 3335 951 3420 pollicentur.
1011 3333 1145 3417 (lognita
1167 3331 1271 3397 Caesar

175 3453 283 3497 caussa
306 3435 430 3518 reperit,
455 3435 495 3498 ab
512 3434 621 3499 Suevis
646 3434 764 3499 auxilia
790 3435 884 3499 missa
907 3456 982 3510 esse,
1001 3432 1162 3497 Ubiorum
1179 3432 1270 3498 satis·

175 3531 341 3597 factionem
354 3536 485 3619 accepit,
501 3536 606 3600 aditus
624 3535 748 3619 viasque
762 3535 792 3599 in
811 3534 928 3599 Suevos
943 3533 1101 3618 perquirit.

221 3632 267 3695 X.
297 3633 427 3698 interim
467 3635 573 3720 paucis
607 3645 677 3721 post
716 3635 825 3700 diebus
859 3633 895 3698 fit
933 3635 973 3699 ab
1011 3633 1105 3698 Ubiis
1144 3632 1267 3709 certior,

176 3732 295 3798 Suevos
317 3757 424 3799 omnes
448 3759 546 3800 unum
569 3737 599 3800 in
622 3736 723 3800 locum
754 3736 858 3822 copias
887 3758 996 3820 cogere
1025 3743 1119 3818 atque
1146 3733 1183 3799 iis
1214 3755 1269 3796 na-

176 3834 322 3912 tionibus,
339 3858 406 3919 quae
423 3836 481 3900 sub
497 3859 603 3901 eorum
618 3837 680 3902 sint
701 3836 839 3922 imperio,
858 3836 1053 3913 denunciare,
1078 3834 1124 3898 uti
1150 3834 1268 3898 auxilia

178 3935 336 4018 peditatus
364 3936 579 4021 equitatusque
607 3938 745 4002 mittant.
814 3936 876 4002 His
901 3936 1032 4020 cognitis
1065 3935 1167 4010 rebus,
1200 3957 1266 3998 rem

176 4034 408 4101 frumentariam
431 4037 586 4123 providet,
609 4038 719 4102 castris
739 4037 883 4101 idoneum
908 4036 1009 4100 locum
1036 4034 1153 4119 deligit,
1173 4033 1267 4099 Ubiis

177 4135 319 4220 imperat,
335 4145 371 4201 ut
389 4161 501 4224 pecora
517 4138 673 4203 deducant
690 4160 806 4221 suaque
821 4136 925 4201 omnia
944 4159 984 4200 ex
1006 4136 1089 4221 agris
1104 4135 1135 4198 in
1151 4134 1267 4220 oppida

175 4237 346 4314 conferant,
370 4261 506 4323 sperans,
530 4239 677 4304 barbaros
697 4247 790 4322 atque
811 4237 972 4322 imperitos
994 4236 1143 4312 homines,
1162 4235 1266 4320 inopia

174 4337 359 4402 cibariorum
376 4338 538 4416 adductos,
557 4340 597 4403 ad
615 4339 751 4423 iniquam
776 4336 934 4424 pugnandi
953 4337 1160 4401 conditionem
1176 4358 1265 4421 posse

175 4437 305 4502 deduci:
330 4439 469 4516 mandat,
488 4447 525 4504 ut
546 4439 669 4504 crebros
695 4440 906 4524 exploratores
929 4438 961 4501 in
984 4439 1101 4502 Suevos
1124 4436 1263 4512 mittant,

173 4562 300 4624 quaeque
316 4539 400 4624 apud
414 4561 466 4605 eos
481 4549 639 4625 gerantur,
657 4547 854 4626 cognoscant.
901 4538 952 4602 Illi
971 4537 1124 4623 imperata
1146 4537 1265 4601 faciunt

173 4650 206 4705 et
226 4639 333 4725 paucis
357 4639 466 4705 dicbus
489 4640 672 4706 intermissis
689 4640 837 4717 referunt,
865 4638 1019 4703 “Suevos
1040 4660 1156 4713 omnes,
1178 4646 1265 4722 post·

173 4763 303 4825 eaquam
317 4741 464 4805 certiores
478 4741 582 4805 nuncii
593 4741 632 4806 de
647 4741 786 4805 exercitu
803 4739 1013 4804 Romanorum
1028 4738 1178 4815 venerint,
1192 4759 1263 4800 cnm

172 4841 315 4906 omnibus
342 4841 405 4908 suis
420 4841 634 4925 sociorumque
657 4841 762 4927 copiis,
779 4863 855 4925 quas
877 4840 1058 4926 coegissent,
1080 4838 1204 4923 penitus
1221 4835 1262 4900 ad

1093 4960 1114 5022 a
