2886 5378
215 829 296 898 xcvi
490 841 567 897 rna
590 840 774 896 aasnanx
796 840 845 896 or
869 841 1035 899 nucleus

216 1005 325 1082 vincia,
343 1005 517 1090 pollicetur.
569 1004 753 1070 Exercitum
771 1004 907 1083 reduxit,
923 1028 1096 1090 nomenque
1113 1005 1310 1094 imperatoris

212 1114 340 1171 auctore
366 1107 490 1171 Tiberio
516 1107 646 1192 accepit.
698 1104 834 1169 Arminii
851 1128 941 1183 uxor,
959 1107 1057 1172 virilis
1071 1130 1164 1174 sexus
1178 1112 1308 1196 stirpem

213 1205 312 1270 edidit
327 1231 334 1270 :
359 1207 510 1272 educatus
524 1207 681 1272 Ravennae
694 1229 780 1291 puer,
796 1229 857 1290 quo
872 1228 947 1270 mox
961 1207 1094 1273 ludibrio
1110 1207 1308 1277 conflictatus

213 1307 264 1383 sit,
279 1309 311 1372 iu
326 1316 466 1392 tempore
483 1308 672 1374 memorabo.

258 1407 352 1475 LIX.
376 1408 478 1474 Fama
505 1409 603 1473 dediti
636 1407 827 1492 benigneque
855 1407 979 1493 excepti
1004 1407 1143 1494 Segestis
1167 1412 1307 1498 vulgata,

210 1515 247 1572 ut
283 1509 454 1594 quibusque
487 1508 604 1573 bellum
628 1509 735 1573 invitis
759 1515 815 1573 aut
841 1507 1037 1592 cupientibus
1066 1519 1146 1586 erat,
1175 1535 1230 1597 spe
1257 1514 1307 1578 vel

212 1607 317 1674 dolore
334 1610 495 1695 accipitur.
540 1609 730 1686 Arminium,
749 1631 841 1693 super
861 1609 986 1673 insitam
1004 1609 1195 1689 violentiam,
1214 1622 1307 1699 rapta

212 1731 301 1786 uxor,
332 1708 490 1796 subjectus
525 1711 650 1775 servitio
676 1710 782 1773 uxoris
808 1717 925 1787 uterus,
953 1710 1116 1775 vecordem
1144 1714 1302 1798 agebant:

211 1810 424 1896 volitabatque
461 1835 515 1897 per
553 1809 735 1887 Cheruscos,
769 1832 857 1874 arma
895 1809 928 1873 in
955 1809 1126 1896 Segestem,
1154 1836 1242 1878 arma
1271 1815 1304 1878 in

213 1910 366 1976 (laesarem
394 1933 542 1997 poscens:
572 1934 670 1995 neque
697 1911 817 1995 probris
841 1911 1048 1995 temperabat.
1103 1912 1305 2000 “Egregium

210 2014 353 2096 patrem!
380 2035 527 2099 maguum
550 2012 788 2097 imperatorem!
816 2010 928 2075 fortem
951 2012 1144 2077 exercitum!
1173 2038 1304 2098 quorum

212 2118 259 2175 tot
288 2135 398 2179 manus
419 2136 512 2178 unam
535 2111 746 2177 mulierculam
769 2111 941 2176 avexeriut.
989 2111 1055 2176 Sibi
1074 2121 1138 2179 tres
1156 2113 1303 2200 legiones,

211 2213 344 2278 totidem
366 2213 486 2300 legatos
507 2212 714 2299 procubuisse.
760 2211 831 2276 Nou
854 2211 986 2277 enimse
1004 2213 1304 2300 proditionemque

212 2313 360 2379 adversus
374 2315 504 2380 feminas
518 2313 673 2400 gravidas,
686 2312 740 2377 sed
756 2313 859 2398 palam
872 2312 1020 2379 adversus
1035 2322 1172 2380 armatos
1188 2316 1304 2381 bellum

210 2420 366 2480 tractare:
394 2417 477 2481 cerni
502 2416 605 2480 adhuc
630 2414 858 2479 Germanorum
883 2414 914 2477 iu
941 2412 1018 2479 lucis
1044 2415 1134 2501 signa
1148 2415 1300 2495 Romana,

212 2537 279 2597 quae
302 2515 362 2581 diis
383 2516 493 2602 patriis
514 2516 728 2601 suspenderit:
753 2512 868 2580 coleret
886 2513 1030 2600 Segestes
1046 2517 1161 2580 victam
1180 2516 1299 2602 ripamr

209 2615 355 2680 redderet
386 2615 450 2681 filio
480 2617 708 2681 sacerdotium:
748 2616 905 2680 homiuem
934 2615 1106 2682 Germanos
1132 2639 1302 2701 numquam

212 2716 288 2780 satis
314 2726 525 2794 excusaturos,
552 2717 634 2801 quod
663 2719 744 2782 inter
764 2714 874 2780 Albim
901 2723 933 2779 et
962 2716 1107 2781 Rhenum
1132 2718 1244 2803 virgas,
1271 2726 1304 2782 et

212 2837 342 2892 secures,
373 2824 405 2881 et
429 2825 535 2902 togam
562 2817 706 2881 viderint.
761 2814 844 2880 Aliis
866 2815 1020 2900 gentibus,
1045 2817 1221 2902 ignorantia
1245 2819 1302 2883 im·

212 2916 288 2999 perii
317 2916 460 2991 Romani,
478 2918 642 3000 inexperta
665 2939 730 2980 esse
758 2915 919 3000 supplicia,
942 2917 1046 2980 nescia
1071 2917 1208 2981 tributa:
1233 2941 1302 3002 quae

212 3015 335 3100 quaudo
358 3017 510 3094 exuerint,
529 3016 700 3101 inritusque
722 3015 896 3080 discesserit
913 3015 963 3079 ille
978 3016 1060 3079 inter
1074 3017 1203 3080 numina
1219 3018 1304 3082 dica-

212 3125 264 3181 tus
279 3116 450 3202 Augustus,
468 3117 518 3180 ille
535 3116 673 3181 delectus
688 3115 845 3190 Tiberius,
865 3137 904 3178 ne
926 3115 1103 3200 imperitum
1126 3116 1303 3182 adolescen-

212 3217 323 3294 tulum,
348 3241 387 3282 ue
421 3217 601 3283 seditiosum
630 3216 802 3281 exercitum
827 3223 1038 3300 pavescerent.
1097 3217 1131 3281 Si
1157 3218 1301 3301 patriam,

212 3327 366 3402 parentes,
383 3318 512 3402 antiqua
525 3316 665 3394 mallent,
682 3318 775 3401 quim
791 3316 941 3392 dominos,
967 3324 998 3380 et
1021 3317 1158 3382 colonias
1181 3341 1298 3392 novas;

214 3419 391 3483 Arminium
416 3419 520 3504 potius
542 3418 647 3503 gloriae
675 3441 713 3482 ac
737 3417 901 3493 libertatis,
924 3439 1018 3501 quam
1040 3415 1201 3503 Segestem
1217 3416 1304 3506 llagi·

213 3521 300 3585 tiosae
317 3520 475 3586 servitutis
493 3519 604 3583 ducem
619 3516 851 3603 sequerentur.”

249 3612 332 3686 LX.
357 3621 478 3686 Conciti
499 3643 555 3704 per
575 3619 641 3683 haec
664 3641 726 3682 non
741 3617 834 3683 modo
857 3616 1014 3694 Cherusci,
1032 3617 1087 3683 sed
1102 3621 1302 3685 conterminas

210 3730 340 3808 gentes;
370 3729 547 3803 tractusque
572 3719 603 3783 in
629 3727 733 3804 partes
757 3719 972 3804 Inguiomerus
997 3719 1133 3784 Arminii
1160 3731 1301 3806 patruus,

210 3823 308 3888 veteri
325 3821 407 3907 apud
426 3821 584 3884 Romanos
598 3819 805 3884 auctoritate:
834 3819 916 3882 uude
931 3815 1030 3904 major
1047 3819 1161 3885 Oaesari
1178 3830 1300 3886 metus:

103 3997 106 4006 ‚
210 3932 242 3988 et
261 3947 299 3987 ne
321 3922 435 3986 bellum
457 3922 538 3985 mole
562 3944 625 3984 una
638 3922 805 4006 ingrueret,
824 3919 980 3984 Caecinam
1005 3942 1076 3984 cum
1096 3920 1302 4007 quadragiuta

211 4024 388 4089 cohortibus
425 4022 586 4098 Romanis,
625 4021 827 4085 distrahendo
864 4020 957 4098 hosti,
985 4043 1039 4104 per
1067 4020 1235 4086 Bructeros
1260 4023 1302 4086 ad

211 4123 325 4188 flumen
353 4123 507 4188 Amisiam
532 4122 654 4186 mittit:
690 4121 826 4205 equitem
854 4119 943 4184 Pede
979 4121 1153 4204 praefectus,
1190 4121 1302 4187 linibus

213 4225 384 4290 Frisiorum
407 4223 512 4286 ducit:
540 4223 605 4307 ipse
627 4223 787 4308 impositas
804 4221 934 4285 navibus
949 4230 1082 4304 quatuor
1097 4222 1232 4306 legiones
1247 4245 1302 4307 per

211 4327 295 4390 lacus
310 4324 420 4389 vexit:
448 4323 599 4407 simulque
615 4323 718 4407 pedes,
742 4344 843 4405 eques,
869 4321 984 4395 classis,
1010 4322 1094 4407 apud
1117 4320 1301 4406 praedictum

210 4448 334 4490 amnem
352 4444 531 4488 convenere.
577 4423 693 4489 Glrauci
711 4446 781 4486 cum
797 4421 914 4486 auxilia
929 4421 1154 4506 pollicerentur,
1172 4422 1204 4484 in
1219 4445 1303 4485 com-

202 4527 356 4590 militium
382 4524 494 4588 adsciti
519 4533 601 4590 sunt.
648 4523 815 4587 Bructeros
840 4545 896 4587 sua
912 4529 1044 4599 urentes,
1063 4521 1213 4606 expedita
1229 4544 1301 4587 cum

209 4649 303 4691 manu
323 4624 361 4688 L.
379 4624 554 4699 Stertinius,
571 4624 665 4689 missu
685 4622 860 4688 Germanici
876 4622 967 4698 fudit,
983 4621 1124 4706 interque
1139 4620 1254 4686 caedem
1270 4634 1302 4687 et

211 4727 348 4812 praedam
385 4724 498 4809 reperit
534 4723 769 4789 undevicesimae
799 4723 929 4809 legionis
954 4720 1089 4804 aquilam
1116 4743 1186 4785 cum
1217 4723 1303 4786 Varo

210 4827 365 4894 amissam.
423 4825 562 4890 Doctum
591 4824 663 4890 iude
693 4847 804 4910 agmen
830 4823 871 4889 ad
900 4823 1027 4889 ultimos
1058 4822 1303 4890 Bructerorum:
