2886 5378
180 719 228 790 86
455 738 531 793 run
553 737 733 794 cranaus
757 737 805 792 οι
829 736 995 793 raorrus.

179 891 381 968 profectionem
404 892 466 971 lege
486 894 664 954 confirmant.
705 892 819 952 Adeas
843 912 886 952 res
908 892 1095 952 conficiendas
1114 892 1270 973 Orgetorix

179 989 323 1067 deligitur.
367 991 403 1061 ls,
425 991 476 1051 ubi
500 993 670 1071 legationem
692 991 730 1051 sd
751 991 882 1050 civitates
904 991 1036 1069 suscepit,
1057 992 1088 1051 in
1111 1011 1145 1051 eo
1167 992 1273 1052 itinere

178 1088 330 1165 persuadet
343 1088 461 1162 Castico,
476 1089 715 1157 Catamantaledis
727 1089 795 1162 iilic,
810 1088 948 1166 Sequano,
962 1088 1043 1166 cujus
1055 1097 1138 1169 pater
1149 1109 1272 1168 regnum

179 1185 210 1242 in
233 1184 371 1262 Sequanis
391 1188 496 1246 multos
519 1208 606 1247 annos
624 1188 797 1258 obtinuerat,
815 1193 845 1246 et
866 1207 884 1246 a
904 1194 1004 1247 senatu
1025 1186 1125 1267 populi
1146 1185 1270 1246 Romani

178 1282 285 1341 amicus
303 1284 463 1362 adpellatua
481 1293 549 1357 erat,
564 1293 597 1345 ιι
615 1305 736 1364 regnum
759 1285 790 1343 in
812 1285 930 1344 civitate
948 1304 1000 1343 sua
1017 1291 1177 1363 occuparet,
1191 1284 1270 1362 quod

179 1385 260 1456 pater
280 1388 347 1440 ante
370 1381 527 1442 habuerat:
548 1384 675 1461 itemque
695 1382 869 1460 Dumnorigi
891 1381 996 1455 AEduo,
1014 1381 1097 1442 fratri
1120 1381 1270 1454 Diviciaci,

178 1477 274 1552 quiec
288 1486 413 1558 tempore
427 1481 620 1559 principatum
641 1481 671 1539 in
692 1481 811 1539 civitate
831 1479 978 1539 obtinebat
997 1499 1032 1539 ae
1049 1480 1177 1539 maxime
1190 1478 1270 1559 plebi

177 1583 309 1652 acceptus
331 1585 399 1649 erat,
418 1586 452 1637 ut
474 1578 552 1638 idem
573 1585 730 1651 conaretur,
749 1578 908 1658 persuadet,
926 1578 1009 1656 eique
1023 1577 1114 1637 filiam
1133 1597 1215 1637 suam
1235 1578 1269 1637 in

178 1674 392 1733 matrimonium
405 1675 463 1735 dat.
505 1676 641 1736 Perfacile
653 1677 731 1735 iactu
741 1695 808 1748 esse,
818 1675 878 1734 illis
891 1675 1002 1754 probet,
1011 1682 1112 1735 conata
1125 1673 1269 1754 perficere,

178 1777 326 1847 propterea
341 1772 418 1849 quod
440 1772 500 1851 ipse
520 1793 579 1832 suas
598 1772 724 1831 civitatis
744 1771 896 1850 imperium
919 1770 1088 1830 obtenturus
1100 1778 1190 1831 oeset:
1210 1791 1270 1832 non

178 1887 236 1926 esse
250 1868 380 1940 dubium,
394 1870 464 1948 quin
479 1871 568 1929 totius
582 1870 683 1930 Gallie
700 1870 858 1947 plurimum
872 1868 1000 1927 Helvetii
1013 1875 1146 1947 possent:
1166 1888 1196 1928 se
1209 1869 1270 1928 suis

177 1965 266 2044 copiis
287 1986 395 2045 suoque
418 1968 546 2027 exercitu
566 1967 625 2025 illis
648 1986 737 2045 regna
757 1966 987 2036 conciliaturum,
1004 1966 1162 2025 confirmat
1203 1965 1270 2027 Hac

177 2065 305 2124 oratione
318 2065 444 2137 adducti,
458 2066 535 2125 inter
548 2085 576 2124 se
588 2064 674 2123 fidem
688 2073 717 2124 et
727 2064 930 2144 jusjurandum
944 2065 1015 2123 dant
1035 2073 1072 2138 et,
1085 2084 1173 2142 regno
1185 2085 1268 2124 occu·

177 2170 254 2239 pato,
264 2183 315 2241 per
329 2169 385 2221 tres
399 2163 608 2242 potentissimos
621 2183 653 2222 ac
666 2163 841 2222 firmissimos
854 2163 975 2243 populos
989 2161 1076 2222 totius
1089 2162 1194 2222 Gallie
1206 2181 1267 2222 sose

176 2259 263 2336 potiri
278 2280 357 2339 posse
371 2267 494 2339 sperant.

173 2370 178 2379 ·
217 2356 269 2415 IV.
291 2357 334 2416 Ea
348 2379 391 2417 res
409 2367 443 2416 ιι
455 2367 497 2417 est
512 2358 652 2416 Helvetiis
667 2377 717 2436 per
730 2357 871 2417 indicium
886 2357 1047 2427 enunciata.
1062 2356 1190 2416 moribus
1203 2358 1263 2417 suis

177 2451 372 2533 Orgetorigem
405 2475 442 2514 ex
470 2456 593 2515 vinculis
623 2475 751 2515 causeam
778 2455 870 2514 dicere
896 2462 1066 2534 coegerunt:
1098 2455 1267 2514 damnatum

175 2570 288 2628 posnam
302 2553 381 2631 sequi
396 2555 553 2631 oportebat,
568 2560 601 2611 ut
622 2554 683 2632 igni
702 2560 881 2612 cremaretur.
922 2551 977 2610 Dic
990 2553 1147 2611 constituta
1159 2572 1267 2612 causam

175 2648 318 2720 dictionis,
328 2649 480 2729 Orgetorix
490 2651 526 2710 ad
536 2651 681 2728 judicium
692 2669 803 2710 omnem
814 2669 894 2708 suam
907 2649 1053 2723 familiam,
1064 2651 1099 2708 ad
1114 2649 1266 2709 hominum

175 2746 269 2805 millia
289 2745 393 2819 decem,
411 2747 540 2824 undique
554 2748 645 2826 coegit
666 2756 695 2806 et
718 2766 815 2805 omnes
834 2747 951 2805 clientes
975 2747 1170 2824 obaeratosque
1191 2767 1265 2819 suos,

175 2862 297 2919 quorum
320 2863 456 2921 magnum
477 2863 628 2902 numerum
649 2844 782 2912 habebat,
795 2843 892 2902 ecdem
913 2843 1071 2902 conduxit:
1092 2863 1143 2921 per
1160 2863 1215 2916 eos,
1229 2863 1268 2904 ne

174 2959 300 2998 causam
322 2941 434 3011 diceret,
454 2960 483 2999 se
506 2941 622 3019 eripuit.
664 2940 759 3010 Quum
784 2926 892 3013 civitas,
914 2940 951 2999 ob
975 2960 1037 3000 eam
1057 2960 1117 3000 rem
1140 2941 1263 3002 incitata

173 3037 260 3096 armis
274 3037 323 3114 jus
347 3056 430 3096 suum
454 3037 571 3115 exsequi
593 3045 741 3096 conaretur
761 3039 1036 3116 multitudinemque
1058 3037 1207 3098 hominum
1228 3059 1268 3100 ex

172 3133 248 3212 agris
274 3134 457 3211 magistratus
484 3141 621 3211 cogerent,
646 3133 798 3212 Orgetorix
825 3142 954 3194 mortuus
981 3143 1042 3194 cst:
1071 3155 1163 3213 neque
1185 3136 1266 3197 abest

172 3231 303 3309 suspicio,
317 3239 352 3291 ιι
366 3231 493 3290 Helvetii
507 3231 691 3303 arbitrantur,
705 3232 776 3308 quin
791 3232 851 3310 ipse
864 3233 920 3291 sibi
933 3240 1053 3291 mortem
1067 3232 1244 3294 consciverit.

213 3329 249 3387 V.
270 3330 337 3389 Post
364 3330 425 3407 ejus
451 3336 571 3387 mortem
599 3329 690 3387 nihilo
714 3330 810 3388 minus
834 3329 961 3389 Helvetii
988 3331 1030 3399 id,
1058 3330 1135 3407 quod
1161 3333 1263 3392 consti-

172 3435 295 3501 tuerant,
319 3428 409 3487 facere
432 3437 581 3498 conantur,
605 3435 639 3485 ιι
663 3446 678 3485 e
705 3427 811 3486 finibus
831 3427 890 3486 suis
914 3436 1026 3487 exeant.
1066 3428 1126 3488 Ubi
1149 3429 1210 3506 jam
1235 3451 1266 3491 se

171 3526 206 3584 ad
240 3545 303 3584 eam
337 3545 397 3583 rem
431 3533 543 3603 paratos
576 3544 633 3583 esse
666 3525 798 3583 arbitrati
831 3533 907 3597 sunt,
934 3526 1040 3603 oppida
1071 3546 1124 3586 sua
1157 3528 1264 3602 omnia,

171 3641 290 3681 numero
316 3622 354 3681 ad
380 3622 539 3693 duodecim,
565 3621 641 3680 vicos
677 3621 714 3680 ad
740 3621 972 3700 quadringentos,
1006 3623 1116 3700 reliqua
1148 3625 1262 3703 privata

171 3719 290 3778 aedificia
309 3719 474 3791 incendunt,
495 3719 672 3777 frumentum
690 3738 780 3790 omne,
796 3720 988 3797 praeterquod
1008 3741 1103 3780 secum
1120 3721 1263 3799 portaturi

170 3826 259 3889 erant,
274 3818 452 3889 comburunt,
471 3823 513 3889 ut,
534 3816 652 3875 domum
672 3816 821 3875 reditionis
840 3837 889 3896 spe
910 3817 1030 3887 sublata,
1051 3819 1206 3895 paratiores
1225 3819 1263 3879 ad

171 3915 266 3974 omnia
279 3914 405 3992 pericula
418 3913 566 3974 subeunda
585 3919 695 3971 essent:
717 3914 806 3972 trium
819 3914 960 3973 mensium
973 3915 1074 3974 molita
1086 3915 1193 3974 cibaria
1206 3916 1262 3976 sibi

170 4030 312 4088 quemque
330 4012 413 4071 domo
433 4010 530 4069 efferre
545 4010 658 4087 jubent.
702 4010 874 4070 Persuadent
895 4013 1029 4072 Rauracis
1042 4019 1071 4070 et
1085 4011 1217 4091 Tulingis
1233 4021 1263 4073 et

173 4108 333 4186 Latobrigis
356 4109 496 4181 finitimis,
518 4108 571 4177 uti,
594 4109 690 4168 eodem
712 4109 757 4167 usi
777 4110 902 4180 consilio,
923 4111 1036 4189 oppidis
1057 4111 1116 4169 suis
1135 4111 1263 4188 vicisque

171 4206 289 4276 exustis,
309 4225 367 4264 nna
387 4226 453 4264 cum
475 4205 511 4263 iis
534 4205 768 4283 proficiscantur:
789 4206 938 4285 Boiosque‚
958 4209 1009 4285 qui
1028 4216 1106 4267 trans
1126 4208 1260 4268 Rhenum

170 4303 350 4361 incoluerant
370 4312 399 4361 et
423 4303 455 4361 in
477 4322 578 4380 agrum
599 4301 737 4362 Noricum
759 4305 931 4364 transierant
959 4305 1148 4383 Noreiamque
1174 4326 1265 4385 oppu-

168 4407 297 4478 gnarent,
312 4407 436 4477 receptos
449 4399 485 4458 ad
499 4419 528 4458 se
541 4399 629 4458 socios
642 4400 697 4458 sibi
711 4399 882 4461 adsciscunt.

208 4496 261 4555 VI.
283 4496 373 4555 Erant
396 4497 511 4555 omnino
537 4497 642 4557 itinera
666 4496 732 4567 duo,
759 4500 864 4575 quibus
886 4500 1039 4559 itineribus
1066 4500 1151 4560 domo
1181 4502 1262 4562 exire

169 4602 300 4672 possent:
321 4615 412 4653 unum
434 4614 485 4673 per
505 4594 659 4673 Sequanos,
680 4604 833 4674 angustum
854 4604 883 4656 et
903 4597 1027 4670 difficile,
1041 4598 1117 4658 inter
1134 4607 1262 4658 montem

168 4691 188 4749 J
190 4713 270 4752 uram
285 4698 314 4751 et
327 4691 433 4751 flumen
444 4690 622 4765 Rhodanum,
633 4693 684 4752 vix
694 4713 753 4770 qua
762 4693 870 4772 singuli
884 4696 956 4755 carri
971 4696 1160 4770 ducerentur;
1180 4715 1263 4756 mons
