2886 5378
168 773 254 841 xxiv
447 783 523 837 rua
547 781 728 838 ussurus
753 783 801 839 ou
825 783 990 839 ancisus.

201 1099 218 1183 ξ
251 1120 292 1161 Vl·
327 1119 464 1161 EXTRAGT
499 1120 579 1161 FBOM
614 1119 730 1160 Pnuuus
762 1119 910 1161 DlAOONUS
942 1115 985 1156 DE
1007 1112 1121 1154 essm
1141 1111 1268 1153 DOMO-

624 1207 811 1250 BARDORUH.

219 1351 309 1428 Paul,
326 1353 381 1416 the
396 1373 450 1415 son
468 1350 505 1415 os
529 1350 710 1414 Wamefrid
738 1351 877 1431 (Paulus
898 1351 1094 1436 Warnesridi
1110 1350 1213 1435 filiae,
1230 1373 1270 1417 as

174 1452 253 1517 heis
269 1453 353 1517 often
370 1450 580 1537 designated),
597 1473 662 1515 was
677 1450 793 1515 deacon
808 1451 845 1514 of
860 1450 888 1513 F
891 1451 969 1515 riuli.
984 1451 1045 1515 aud
1059 1460 1217 1537 seoretary
1230 1463 1269 1515 to

175 1553 364 1630 Desiderins,
381 1552 435 1616 the
452 1553 511 1616 lest
528 1551 606 1636 king
619 1550 655 1614 ot'
668 1551 721 1614 the
738 1551 921 1616 Lombards.
966 1551 1013 1615 To
1030 1552 1084 1616 the
1097 1550 1268 1617 traditione

176 1653 238 1716 and
253 1653 373 1739 history
389 1652 425 1716 ot'
439 1653 528 1716 those
543 1674 737 1735 conquerors,
750 1651 799 1717 his
814 1651 902 1716 work
913 1651 1003 1715 bears
1017 1652 1071 1716 the
1085 1674 1169 1717 same
1184 1651 1268 1715 rela-

176 1753 253 1827 tion,
268 1754 369 1818 which
380 1753 451 1817 that
467 1753 503 1816 of
513 1751 536 1815 J
539 1751 691 1817 ornandas
702 1751 776 1817 does
786 1760 820 1817 to
831 1752 920 1818 those
931 1753 967 1816 of
977 1752 1030 1817 the
1042 1750 1271 1818 Ostra-Gotho.

673 1943 732 1983 ΗΒ.
751 1944 771 1982 1.

223 2055 250 2118 Ι.
273 2053 531 2140 septentrionalis
546 2053 648 2139 plaga,
663 2062 781 2138 quanto
796 2054 896 2137 magis
910 2053 950 2117 ab
964 2059 1042 2117 astu
1059 2052 1131 2117 solis
1147 2060 1273 2118 remota

177 2165 237 2230 est,
252 2163 285 2220 et
299 2155 394 2220 nivali
408 2154 521 2240 frigore
543 2154 655 2239 golida,
679 2162 768 2218 tanto
794 2153 945 2218 salubrior
968 2152 1146 2237 corporibus
1168 2152 1273 2216 homi·

177 2279 262 2333 num,
290 2265 323 2320 et
349 2254 555 2340 propagandis
587 2262 634 2318 est
669 2254 814 2340 gentibus
851 2253 949 2339 magis
986 2260 1152 2338 coaptata:
1187 2252 1273 2318 sicut

179 2379 195 2420 e
208 2366 316 2421 contra
330 2355 431 2419 omnis
444 2354 615 2419 meridiana
627 2356 720 2440 regio,
734 2377 793 2438 quo
807 2354 879 2419 solis
892 2362 940 2418 est
952 2352 1064 2416 fervori
1077 2352 1215 2429 vicinior,
1230 2375 1271 2417 eo

178 2480 299 2542 semper
324 2455 439 2520 morbis
464 2454 613 2529 abundat,
638 2464 669 2519 et
692 2454 860 2519 educandis
881 2453 983 2518 minus
997 2461 1045 2518 est
1061 2462 1136 2538 apta
1152 2460 1273 2518 morta·

180 2557 270 2622 libus.
317 2556 412 2620 Unde
430 2557 465 2619 fit
481 2565 517 2620 ut
534 2564 631 2619 tautae
646 2556 829 2641 populomm
844 2552 1061 2618 multitudines
1082 2563 1188 2619 arctoo
1211 2554 1273 2618 sub

179 2679 240 2721 axe
270 2656 428 2721 oriantur:
462 2665 497 2720 ut
527 2677 588 2719 non
620 2655 775 2720 immerito
803 2655 946 2719 universa
974 2653 1027 2717 illa
1057 2655 1139 2739 regio
1169 2654 1273 2718 Tanai

181 2766 281 2833 tenus,
300 2780 395 2841 usque
412 2756 453 2820 ad
468 2756 641 2832 occiduum,
657 2757 728 2821 licet
746 2764 778 2820 et
802 2754 932 2841 pmpriis
948 2754 1017 2818 loca
1038 2753 1069 2818 in
1091 2776 1129 2818 ea
1150 2753 1276 2840 singula

181 2865 398 2942 nuncupentur
422 2856 607 2931 nominibus,
633 2856 767 2941 generali
793 2864 897 2920 tamen
925 2854 1075 2918 vocabulo
1103 2854 1275 2920 Germania

181 2956 335 3021 vocitetur
348 2983 356 3029 ;
381 2957 521 3040 quamvis
538 2964 570 3019 et
588 2955 664 3021 duas
681 2956 764 3020 ultra
778 2955 924 3020 Rhenum
939 2954 1112 3039 provincias
1126 2954 1274 3034 Romani,

181 3079 252 3120 oum
268 3079 305 3120 ea
319 3056 386 3119 loca
401 3063 611 3140 occupassent,
625 3055 811 3141 superiorem
827 3055 1061 3139 inferioremque
1073 3054 1277 3120 Germaniam

182 3156 328 3220 dixerint.
375 3154 427 3219 Ab
444 3156 503 3219 hac
526 3161 599 3240 ergo
623 3157 770 3241 populosa
792 3154 969 3231 Germania,
992 3177 1075 3240 saepe
1098 3155 1275 3220 innumera·

181 3257 258 3336 biles
283 3255 476 3340 captivomm
503 3264 615 3320 turmae
644 3255 797 3332 abducta,
823 3254 1001 3319 meridianis
1026 3256 1147 3341 populis
1171 3254 1275 3341 pretio

182 3357 408 3423 distrahuntur.
454 3354 566 3419 Multae
581 3378 701 3440 quoque
718 3378 757 3419 ex
773 3378 820 3432 ea,
837 3378 893 3440 pro
910 3354 1044 3440 eoquod
1064 3363 1171 3420 tantos
1191 3377 1277 3419 mor·

182 3459 293 3523 talium
306 3456 469 3542 germinat,
484 3464 616 3541 quantos
630 3457 712 3520 alere
725 3455 778 3520 vix
793 3454 917 3532 sufficit,
930 3477 1011 3541 sape
1024 3463 1132 3541 gentes
1144 3477 1276 3541 egressa

183 3567 265 3636 suut,
281 3580 349 3641 quae
367 3556 564 3622 nihilominus
579 3567 611 3621 et
628 3564 732 3642 partes
747 3557 842 3633 Asia,
860 3554 914 3619 sed
936 3555 1072 3621 maxime
1094 3556 1152 3622 sibi
1174 3555 1275 3620 couti-

183 3681 277 3744 gnam
308 3657 478 3742 Europam,
506 3656 693 3723 afflixerunt.
758 3658 927 3722 Testantur
953 3656 1011 3720 boc
1038 3656 1152 3741 ubique
1181 3655 1276 3722 urbes

184 3769 289 3835 eruta,
306 3781 360 3843 per
374 3766 475 3821 totam
493 3757 654 3844 Illyricum
677 3756 889 3842 Galliamque:
918 3756 973 3820 sed
995 3757 1131 3821 maxime
1154 3755 1275 3821 miseras

185 3859 297 3938 Italiae,
312 3881 380 3942 qua
403 3880 481 3942 pene
502 3858 639 3922 omnium
662 3857 782 3921 illarum
805 3864 852 3922 est
873 3856 1013 3942 gentium
1038 3864 1168 3942 experta
1189 3856 1277 3920 saevi·

186 3959 273 4024 tiam.
329 3958 425 4022 Gothi
460 3956 621 4042 siquidem,
652 3957 871 4041 wandalique,
907 3955 1001 4043 augi,
1030 3955 1154 4031 Heruli,
1181 3964 1277 4040 atque

186 4056 365 4144 Turcilingi,
382 4081 440 4123 nec
462 4081 522 4122 non
545 4058 640 4122 etiam
662 4057 730 4122 aliae
752 4058 868 4123 feroces
884 4065 916 4121 et
931 4057 1071 4122 barbarae
1087 4058 1241 4132 nationes,
1256 4079 1276 4121 e

187 4159 354 4222 Germania
368 4158 557 4244 prodierunt.

232 4258 279 4322 Il.
302 4257 376 4322 Pari
408 4258 503 4322 etiam
532 4258 625 4322 modo
650 4266 682 4322 et
706 4257 906 4334 Winilorum,
930 4257 989 4321 hoc
1010 4265 1068 4333 est,
1097 4256 1277 4342 Longobar-

188 4358 296 4422 dorum
312 4380 399 4442 gens,
417 4380 484 4440 quoe
499 4366 607 4443 postea
621 4357 652 4421 iu
670 4357 764 4422 Italia
778 4357 909 4422 feliciter
929 4357 1081 4443 regnavit,
1104 4380 1124 4422 a
1147 4357 1277 4422 Germa·

187 4481 297 4522 norum
314 4456 434 4542 populis
448 4457 596 4543 originem
613 4457 737 4534 ducens,
752 4457 825 4522 licet
843 4465 875 4522 et
889 4457 958 4521 aliae
975 4480 1075 4524 causa
1093 4456 1277 4542 egressionis

187 4582 293 4623 eorum
311 4565 532 4635 asseverentur,
550 4558 590 4621 ab
604 4557 703 4622 insula
718 4580 785 4640 quae
802 4556 1008 4622 scandinavia
1029 4558 1143 4622 dicitnr
1161 4556 1278 4621 adven-

188 4660 285 4724 tavit:
315 4656 402 4743 cujus
420 4658 514 4722 etiam
530 4659 647 4735 insulae,
663 4657 783 4722 Plinius
799 4657 959 4721 Secundus
973 4659 1004 4721 iu
1021 4657 1115 4733 libris,
1134 4679 1210 4740 quos
1226 4656 1276 4721 De

191 4762 310 4826 Natura
320 4759 437 4823 Rerum
453 4759 635 4844 composuit,
648 4757 835 4823 mentionem
852 4757 936 4822 facit
984 4757 1063 4823 Haec
1078 4781 1150 4843 ergo
1164 4757 1275 4836 insula,
