2886 5378
575 812 855 870 ncrnuuonaru.
1173 805 1260 873 xxxi

169 998 236 1042 esse
262 978 418 1055 delctam;
449 977 508 1044 nisi
537 978 619 1042 sorte
652 976 725 1060 qnia
752 975 821 1041 loca
848 975 969 1055 eadem,
993 978 1046 1043 nbi
1078 978 1145 1046 haeo
1175 991 1265 1068 gesta

170 1077 320 1158 feruntur,
348 1102 409 1144 non
437 1080 513 1144 satis
535 1077 789 1162 historiographis
813 1085 889 1142 nota
912 1076 1047 1157 luerunt,
1074 1087 1106 1145 et
1136 1082 1190 1147 vix
1221 1083 1262 1148 ab

169 1177 273 1262 aliquo
288 1201 393 1244 eornm
409 1179 536 1265 vulgata
552 1187 635 1256 sunt,
651 1174 716 1241 fieri
732 1177 880 1262 potuerit,
895 1185 931 1242 nt
946 1201 1043 1263 usque
1064 1180 1105 1245 ad
1127 1182 1160 1246 id
1182 1191 1263 1247 tem-

171 1400 228 1463 cgo
255 1380 360 1445 referri
382 1403 401 1444 a
427 1378 612 1464 quibusdam
637 1376 754 1454 audivi,
777 1400 873 1462 usqne
897 1378 990 1443 hodie
1004 1379 1037 1443 iu
1051 1379 1170 1449 intimis
1185 1385 1263 1449 Ger-

170 1479 281 1544 maniae
299 1478 410 1545 finibus
426 1488 552 1565 gentem
567 1479 677 1543 harum
694 1477 828 1543 existere
844 1478 1040 1546 feminarum.

214 1579 314 1644 XVI.
338 1579 441 1665 Igitur
462 1587 652 1645 transmeato
679 1577 888 1663 Longobardi,
915 1579 954 1643 de
978 1602 1039 1664 qno
1071 1579 1261 1661 dixeramus,

169 1676 305 1755 flumine,
323 1703 393 1745 cum
408 1681 449 1746 ad
463 1679 626 1745 ulteriores
640 1687 739 1744 terras
753 1677 974 1763 pervenissent,
989 1680 1053 1744 illie
1067 1703 1122 1766 per
1136 1690 1261 1769 tempus

171 1781 296 1864 aliquod
323 1781 606 1845 commorabantur.
651 1777 777 1843 Interea
802 1800 873 1842 cum
894 1778 971 1843 nihil
988 1780 1111 1846 adversi
1125 1784 1263 1868 suspica-

170 1890 286 1959 rentur,
313 1889 344 1946 et
371 1888 473 1946 essent
498 1879 606 1964 quieti,
630 1877 723 1964 longa
749 1877 841 1943 nimis
867 1879 1027 1958 securitas,
1051 1903 1118 1964 quae
1142 1905 1264 1969 semper

171 1980 427 2046 detrimentorum
452 1990 553 2044 mater
567 1987 626 2054 est,
641 1979 685 2044 eis
701 2001 764 2043 nou
778 1978 934 2044 modicam
951 1981 1116 2065 perniciem
1132 1984 1262 2069 peperit.

171 2080 276 2145 Noctu
301 2081 433 2166 deniqne
457 2103 528 2145 cum
553 2078 743 2165 negligentia
768 2078 895 2144 resoluti
924 2080 1115 2164 quiescerent
1147 2084 1262 2163 cuncti,

171 2174 284 2245 subito'
299 2204 391 2267 super
417 2202 469 2245 eos
497 2179 647 2264 Bulgares
670 2179 830 2254 irruentes,
854 2180 958 2264 plnres
982 2203 1022 2245 ex
1048 2181 1087 2246 iis
1109 2183 1263 2260 sanciant,

171 2282 287 2346 multos
309 2286 518 2367 prosternunt,
537 2288 569 2343 et
584 2277 616 2342 iu
631 2286 755 2343 tantum
772 2301 947 2363 percorum
962 2289 1065 2346 castra
1080 2281 1262 2349 debacchati

173 2388 255 2460 sunt,
271 2390 307 2445 ut
321 2383 424 2466 ipsum
441 2378 675 2464 Agelmundum
690 2401 794 2463 regem
809 2378 1027 2458 interficerent,
1046 2379 1172 2468 ejusque
1195 2384 1265 2448 uni-

173 2502 241 2545 cam
257 2479 352 2545 filiam
369 2488 452 2545 sorte
469 2478 662 2564 captivitatis
676 2479 843 2544 auferrent.

224 2580 345 2644 XVII.
378 2577 560 2663 Resumptis
589 2589 694 2643 tamen
726 2586 796 2662 post
824 2579 891 2644 haee
920 2580 1118 2647 incommoda
1142 2582 1265 2669 Longo-

174 2681 262 2745 bardi
276 2680 401 2756 viribus,
420 2678 655 2754 lamissionem,
671 2678 711 2743 de
737 2702 798 2763 quo
825 2680 965 2765 superius
990 2681 1179 2761 dixeramus,
1205 2684 1264 2749 sibi

172 2804 277 2867 regem
302 2780 540 2847 constituerunt.
586 2778 647 2860 Qui
671 2786 707 2843 nt
732 2789 800 2843 erat
816 2776 948 2865 juvenili
962 2789 1056 2847 aetate
1070 2783 1217 2861 fervidus,
1233 2792 1266 2849 et

173 2881 215 2945 ad
239 2881 312 2946 belli
335 2881 506 2946 certamina
526 2878 603 2944 satis
626 2886 795 2965 promptus,
818 2902 879 2943 uou
897 2880 982 2946 aliud
997 2881 1056 2948 nisi
1071 2882 1263 2969 Agelmundi

175 3004 281 3045 necem
296 2981 400 3047 ulcisci
416 2980 551 3064 cupiens,
564 2981 596 3044 iu
611 2979 762 3064 Bnlgares
776 3001 864 3044 arma
887 2983 1050 3047 convertit.
1096 2983 1263 3069 Primoque

174 3082 279 3166 proelio
303 3104 377 3146 mox
403 3079 574 3158 commisso,
602 3078 800 3164 Longobardi
828 3080 970 3147 hostibus
994 3090 1083 3169 terga
1097 3084 1208 3150 dautes
1221 3085 1264 3149 ad

174 3193 276 3247 castra
292 3182 458 3267 refugiunt.
510 3179 599 3244 Tune
614 3201 669 3244 rex
686 3179 838 3245 lamissio
853 3181 913 3245 ista
927 3183 1127 3268 conspiciens,
1142 3184 1264 3250 elevata

173 3283 350 3348 altinsvooe
364 3282 449 3347 omni
464 3279 612 3345 exercitui
630 3279 763 3344 clamare
779 3279 879 3367 eoepit,
892 3288 928 3345 ut
945 3284 1178 3367 opprobriorum
1195 3308 1263 3368 quoe

175 3385 375 3467 pertulerant,
392 3380 669 3456 reminiscerentur,
687 3389 927 3465 revocarentque
949 3390 1021 3447 ante
1044 3384 1149 3449 oeulos
1171 3385 1264 3450 dede·

175 3505 238 3559 cns,
262 3482 416 3567 quomodo
437 3503 543 3546 eorum
557 3502 662 3566 regem
676 3479 781 3546 hostes
789 3478 1012 3566 jugulaverint,
1031 3505 1123 3566 quam
1139 3483 1264 3550 misera·

174 3582 278 3647 biliter
303 3581 369 3668 ejus
393 3589 510 3656 natam,
537 3602 630 3663 quam
655 3579 714 3644 sibi
739 3580 878 3666 reginam
895 3589 1090 3667 optaverant,
1108 3584 1265 3668 captivam

175 3681 380 3746 abduxerent.
432 3680 595 3744 Postremo
616 3679 770 3755 hortatur,
793 3687 829 3744 ut
851 3702 883 3745 se
905 3689 1037 3766 suosque
1052 3683 1146 3749 arnus
1161 3683 1266 3748 defen·

177 3781 295 3859 derent,
311 3781 421 3846 melius
435 3802 500 3845 esse
523 3778 681 3844 dioensis
703 3780 784 3845 bello
805 3779 942 3846 animam
963 3805 1087 3869 ponere,
1111 3807 1204 3868 quam
1228 3793 1265 3849 ut

175 3883 249 3946 vilia
266 3880 419 3966 mancipia
433 3879 570 3944 hostium
585 3878 726 3945 ludibriis
741 3878 910 3966 subjacere.
963 3882 1042 3947 Haeo
1068 3892 1100 3948 et
1124 3881 1265 3968 hujusce·

177 3981 261 4045 modi
276 3981 446 4046 vociferans
461 4002 532 4043 cum
550 3978 677 4058 diceret,
695 3987 728 4044 et
752 4002 834 4045 nune
858 3981 960 4060 minis,
982 4004 1065 4049 nunc
1090 3984 1263 4068 promissio·

177 4081 278 4154 nibus,
300 4080 342 4144 ad
366 4079 528 4145 toleranda
548 4102 654 4145 eorum
675 4080 795 4146 animos
811 4082 883 4146 belli
898 4082 1068 4148 certamina
1084 4084 1261 4149 roboraret:

176 4181 201 4245 si
224 4203 315 4265 quem
337 4180 432 4244 etiam
454 4179 572 4245 servilis
593 4179 777 4245 conditionis
800 4189 988 4267 pugnantem
1010 4182 1150 4259 vidisset,
1173 4184 1264 4251 liber·

175 4289 242 4345 tate
255 4304 325 4345 eum
338 4280 428 4345 simul
442 4301 513 4343 eum
524 4279 658 4364 praemiis
673 4278 813 4346 donaret.
861 4281 1002 4347 Tandem
1016 4283 1143 4348 hortatu
1158 4307 1263 4350 exem-

175 4381 286 4466 ploque
312 4380 466 4466 principis,
493 4379 546 4463 qni
572 4377 689 4465 primus
714 4378 756 4443 ad
779 4380 894 4446 bellum
921 4381 1104 4467 prosilierat,
1130 4387 1261 4465 accensi,

176 4503 267 4567 super
289 4483 393 4546 hostes
411 4481 543 4557 irruunt,
561 4487 701 4565 pugnant
718 4481 873 4560 atrociter,
890 4491 922 4546 et
945 4506 1058 4569 magua
1072 4484 1265 4551 adversarios

175 4583 261 4645 clade
293 4588 500 4666 prosternunt,
533 4579 720 4663 tandemque
749 4579 788 4645 de
817 4582 985 4649 victoribus
1014 4586 1176 4650 victoriam
1213 4609 1264 4650 ca·

176 4682 305 4766 pientes,
333 4690 399 4746 tam
425 4680 505 4766 regis
537 4679 638 4758 funus,
663 4703 755 4764 qnam
788 4684 928 4768 proprias
958 4682 1086 4770 injurias
1113 4685 1266 4750 ulciscun-

177 4791 237 4846 tur.
283 4781 371 4846 'I’unc
395 4804 509 4868 magna
529 4779 569 4845 de
594 4780 731 4847 hostium
755 4782 875 4848 exuviis
899 4782 1004 4867 praeda
1029 4784 1131 4869 potiti,
1155 4807 1195 4849 ex
1216 4785 1268 4850 illo
