2886 5378
183 841 307 909 lxxxvi
459 856 537 911 sne
559 856 739 911 susurru
763 856 811 911 or
834 853 1000 911 rucrrus.

182 1020 275 1084 fuisse
288 1018 488 1093 arbitrantur,
503 1016 649 1102 inignem
665 1017 810 1096 inferunt,
822 1018 917 1082 etiam
932 1018 1098 1090 animalia;
1116 1039 1153 1081 ac
1167 1013 1270 1102 paullo
1293 1056 1302 1071 =

182 1142 276 1204 supra
290 1119 370 1182 hanc
390 1116 572 1182 memoriam
593 1118 674 1182 servi
696 1125 728 1182 et
754 1118 892 1197 clientes,
918 1141 994 1201 quos
1018 1119 1058 1183 ab
1081 1117 1120 1183 iis
1140 1116 1271 1182 dilectos

182 1242 248 1284 esse
264 1219 438 1295 constabat,
449 1215 546 1302 justis
560 1218 718 1283 funeribus
733 1218 890 1294 confectis,
907 1243 970 1283 una
984 1218 1211 1282 cremabantur.

229 1320 314 1383 XX.
344 1321 421 1402 Quae
439 1319 583 1384 civitates
598 1319 789 1384 commodius
810 1342 899 1385 suam
913 1343 980 1384 rem
1000 1318 1157 1405 publicam
1173 1317 1273 1382 adrni-

119 1478 126 1497 ,
183 1419 314 1485 nistrare
338 1421 567 1496 existimantur,
593 1420 710 1484 habent
729 1420 849 1505 legibus
874 1428 1025 1500 sanctum,
1053 1420 1079 1484 si
1104 1417 1274 1504 quiequid

183 1520 222 1584 de
246 1544 279 1585 re
302 1520 426 1606 publica
451 1543 471 1583 a
496 1518 636 1585 finitimis
660 1544 782 1585 rumore
806 1543 844 1585 ac
867 1520 952 1585 fama
968 1519 1132 1606 acceperit,
1160 1519 1208 1583 uti
1233 1518 1276 1584 ad

184 1621 401 1706 magistratum
422 1620 552 1698 deferat,
567 1644 645 1686 neve
671 1644 742 1686 cum
768 1645 828 1706 quo
851 1621 912 1685 alio
934 1620 1161 1685 communicet:
1188 1619 1275 1704 quod

184 1744 265 1807 saepe
296 1721 436 1786 homines
462 1722 642 1787 temerarios
670 1729 765 1807 atque
794 1721 955 1807 imperitos
984 1721 1070 1787 falsis
1098 1719 1275 1785 rumoribus

183 1822 291 1887 terreri
317 1831 349 1886 et
373 1821 414 1886 ad
437 1821 556 1887 facinus
583 1822 699 1908 impelli
724 1823 818 1887 etde
845 1821 975 1888 summis
999 1822 1092 1886 rebus
1114 1821 1275 1886 consilium

185 1945 293 2007 capere
309 1922 469 2008 cognitum
491 1930 549 1987 est.
595 1922 812 2008 Magistratus,
828 1946 896 2006 quae
911 1923 978 1988 risa
994 1930 1076 1999 sunt,
1092 1922 1271 1994 occultant;

184 2046 312 2106 ‹praeque
330 2046 395 2088 esse
410 2044 450 2087 ex
467 2046 524 2088 neu
532 2021 754 2108 judicaverint,
772 2023 965 2088 multitudini
981 2022 1127 2109 produnt.
1174 2022 1223 2086 De
1240 2043 1274 2085 re

184 2123 309 2208 publica
325 2123 384 2187 nisi
400 2146 454 2207 per
468 2125 632 2189 concilium
648 2124 730 2208 loqui
744 2148 807 2189 non
825 2122 1015 2189 conceditur.

228 2223 332 2287 XXI.
356 2223 505 2288 Germani
534 2225 668 2290 multum
696 2226 737 2290 ab
763 2226 823 2290 hac
853 2223 1075 2289 consuetudine
1104 2221 1272 2288 differunt:

182 2346 255 2388 narn
277 2347 376 2408 neque
398 2325 534 2390 Druides
554 2326 681 2405 habent,
704 2325 756 2410 qui
778 2327 869 2391 rebus
890 2324 1003 2390 divinis
1024 2325 1161 2410 praesint,
1178 2346 1277 2408 neque

183 2423 339 2490 sacrificiis
363 2426 500 2491 student.
545 2426 684 2491 Deorum
708 2450 836 2491 numero
862 2449 914 2492 eos
939 2425 1019 2492 solos
1046 2425 1175 2502 ducunt,
1198 2447 1276 2509 quos

183 2532 314 2590 cernunt
329 2532 361 2590 et
376 2548 507 2611 quornm
521 2536 628 2612 aperte
641 2529 750 2612 opibus
758 2525 921 2613 juvantur,
934 2525 1038 2591 Solem
1054 2534 1086 2591 et
1097 2525 1276 2590 Vulcanum

183 2631 216 2688 et
232 2624 376 2690 Lunam:
403 2627 536 2711 reliquos
552 2650 591 2692 ne
607 2628 691 2693 fama
703 2629 827 2713 quidem
842 2634 1037 2712 acceperunt.
1082 2625 1162 2700 Vita
1176 2626 1276 2692 omnis

182 2723 215 2787 in
243 2726 459 2790 venationibus
484 2736 577 2811 atque
603 2728 635 2792 in
662 2728 774 2794 studiis
801 2728 845 2793 rei
874 2727 1019 2792 militaris
1043 2726 1203 2792 consistit:
1234 2726 1275 2791 ab

182 2825 319 2908 parvulis
335 2825 432 2889 labori
450 2849 487 2890 ac
508 2827 631 2892 duritia
650 2828 788 2892 student.
833 2828 895 2909 Qui
912 2827 1084 2891 diutissime
1100 2826 1276 2910 impuberes

182 2934 429 3008 permanserunt,
456 2926 627 2990 maximam
649 2928 731 2992 inter
752 2950 825 2992 snos
849 2928 953 2991 ierunt
976 2925 1120 2991 laudem:
1148 2926 1209 2990 hoc
1230 2926 1273 2990 ali

182 3033 345 3103 staturam,
368 3025 410 3089 ali
435 3025 494 3090 hoe
516 3025 596 3091 vires
621 3049 792 3111 nervosque
817 3025 991 3091 confirmari
1016 3032 1140 3111 putant.
1186 3024 1276 3089 Intra

182 3147 299 3188 annum
311 3148 384 3189 vero
398 3125 577 3190 vicesimum
588 3126 711 3191 feminee
720 3127 865 3191 notitiam
878 3126 1031 3203 habuisse,
1046 3126 1079 3189 in
1088 3124 1275 3211 turpissimis

182 3225 300 3290 habeut
315 3227 427 3301 rebus;
452 3224 540 3312 cujus
555 3228 599 3291 rei
615 3227 699 3291 nulla
710 3235 757 3293 est
772 3227 951 3306 occultatio,
966 3225 1049 3311 quod
1059 3233 1090 3290 et
1102 3225 1274 3311 promiscue

182 3326 215 3390 in
242 3323 421 3391 fluminibus
450 3327 642 3412 perluuntur,
671 3336 703 3392 et
731 3328 862 3414 pellibus
889 3335 944 3393 aut
969 3327 1074 3413 parvis
1101 3327 1274 3391 rhenonum

183 3426 361 3511 tegimentis
375 3436 517 3504 utuntur,
533 3450 648 3514 magua
664 3429 799 3515 corporis
816 3435 905 3514 parte
919 3428 1014 3493 nuda.

228 3527 351 3595 XXII.
378 3527 589 3614 Agricultura
618 3552 680 3594 nou
712 3528 860 3605 student;
891 3527 1050 3617 majorque
1075 3550 1148 3614 pars
1174 3526 1275 3593 victus

183 3650 289 3692 eorum
313 3629 346 3691 in
371 3629 461 3707 lacte,
485 3652 585 3707 caseo,
601 3653 694 3696 carne
715 3631 874 3696 consistit:
899 3652 998 3715 neque
1023 3628 1184 3714 quisquam
1209 3627 1277 3713 agri

183 3729 311 3792 modum
328 3737 448 3793 certum
462 3737 517 3794 aut
540 3728 616 3796 fines
636 3730 732 3796 habet
754 3731 913 3817 proprios:
940 3730 996 3796 sed
1017 3730 1219 3815 magistratus
1238 3750 1276 3792 ac

183 3829 337 3913 principes
352 3829 384 3892 iu
406 3852 503 3894 annos
525 3832 662 3917 singulos
685 3831 831 3917 gentibus
856 3830 1150 3917 cognationibusque
1174 3827 1276 3892 homi·

182 3949 267 4005 num,
286 3929 338 4013 qui
360 3952 424 3993 una
445 3929 585 4007 coierint,
601 3940 762 4016 quantum,
786 3940 818 3996 et
839 3955 900 4016 quo
921 3932 989 3995 loco
1006 3931 1107 3995 visum
1130 3936 1189 4005 ea,
1207 3929 1275 4014 agri

182 4028 366 4094 adtribuunt
393 4038 487 4114 atque
513 4055 594 4095 auno
617 4040 688 4117 post
713 4032 774 4096 alio
797 4032 929 4097 transire
952 4038 1079 4117 cogunt.
1124 4027 1203 4115 Ejus
1230 4028 1275 4093 rei

180 4128 297 4194 multas
328 4130 473 4196 adferunt
506 4154 650 4207 caussas;
682 4155 734 4210 ne,
765 4131 897 4197 adsidua
927 4130 1148 4197 consuetudine
1177 4130 1273 4214 capti,

181 4230 321 4294 studium
336 4230 408 4295 belli
429 4232 560 4317 gerundi
582 4232 772 4318 agricultura
793 4240 1007 4304 commutent;
1034 4254 1074 4296 ne
1095 4230 1177 4294 latos
1197 4226 1274 4293 fines

181 4352 290 4414 parare
311 4331 460 4396 studeant
481 4334 731 4418 potentioresque
753 4332 932 4398 humiliores
953 4330 1195 4418 possessionibus
1220 4350 1274 4393 ex·

182 4430 320 4514 pellaut3
359 4454 398 4496 ne
432 4432 611 4499 adcuratius
644 4434 685 4498 ad
721 4434 837 4518 frigora
871 4441 966 4516 etque
1003 4439 1098 4498 aestus
1128 4429 1274 4495 vitandos

181 4529 357 4607 edificent3
397 4554 436 4597 ne
473 4556 535 4617 qna
565 4534 684 4599 oriatur
714 4533 852 4619 pecuniae
882 4533 1046 4619 cupiditas,
1078 4554 1140 4616 qua
1169 4552 1210 4595 ex
1239 4553 1273 4595 re

178 4629 328 4697 factiones
351 4632 614 4718 dissensionesque
639 4642 827 4708 nascuntur3
855 4642 892 4699 ut
918 4634 1012 4699 animi
1037 4632 1184 4717 aequitate
1206 4631 1271 4717 ple·

177 4731 249 4796 bem
274 4733 462 4815 contineant,
482 4758 577 4819 quum
602 4758 674 4801 suas
701 4734 828 4819 quisque
853 4757 927 4821 opes
953 4758 1023 4802 cum
1047 4732 1272 4821 potentissimis

177 4834 292 4917 aquari
307 4833 423 4900 videat.
