2886 5378
567 808 845 866 EPILEGOMENA.
1210 804 1255 872 vii

157 966 181 1031 ’1
193 969 386 1056 νγκρίωνες
401 965 528 1053 μεταξύ
541 993 578 1033 τε
588 966 702 1047 Ῥήνου
716 966 772 1030 καὶ
783 968 848 1031 τῶν
856 965 1054 1034 Ἀἕνοὲαίων
1068 968 1183 1057 ὀρέων·
1200 972 1256 1037 καὶ

159 1072 208 1139 ἔτι
223 1074 460 1161 Ἰντοόερχοι
475 1071 532 1138 καὶ
547 1069 795 1158 Οῦαρχίωνες
810 1068 867 1134 καὶ
882 1073 1080 1156 Καριτνοί.

204 1187 252 1244 10.
273 1177 344 1265 Ὑφ’
370 1177 425 1248 οῦς
450 1173 628 1241 Οῦισποὶ
664 1172 720 1238 καὶ
747 1173 768 1254 ἡ
795 1175 861 1238 τῶν
893 1171 1093 1255 Ἐλουητίων
1130 1175 1250 1264 ἔρημος

156 1280 257 1369 μέχρι
273 1285 338 1347 τῶν
353 1279 530 1368 εἰρημένων
544 1277 683 1343 Ἀλπίων
700 1275 811 1364 ὀρέων.

202 1392 250 1448 11.
280 1384 347 1466 Τὴν
379 1383 414 1449 δὲ
447 1386 692 1469 παρωκεανῖτιν
722 1380 924 1468 κατέχουσιν
953 1380 1036 1468 ὑπὲρ
1075 1382 1136 1464 μὲν
1175 1383 1251 1455 τοῦς

155 1487 401 1573 Βουσακτέρους
435 1485 468 1552 οἱ
498 1485 656 1573 Φρίσσιοι
678 1483 780 1573 μέχρι
809 1488 868 1550 τοῦ
900 1481 1057 1568 Ἀμασίου
1085 1492 1248 1570 ποταμοῦ·

153 1594 238 1673 μετὰ
262 1590 297 1656 δὲ
327 1589 464 1661 τούτους
485 1593 613 1677 Χαῦχοι
637 1587 671 1653 οἰ
692 1587 805 1673 μικροὶ
828 1587 930 1676 μέχρι
954 1593 1014 1654 τοῦ
1028 1590 1249 1678 Οῦισοῦριγιος

156 1699 325 1778 ποταμοῦζ
340 1692 411 1759 εἶτα
433 1698 561 1782 Καῦχοι
587 1691 620 1758 οἰ
640 1691 768 1774 μείζους
788 1690 890 1778 μέχρι
909 1695 969 1757 τοῦ
996 1690 1123 1764 Ἄλὲιος
1146 1720 1248 1759 ποτα-

153 1801 233 1880 μοῦ·
257 1798 375 1884 ἐφεξῆς
401 1795 436 1862 δὲ
460 1797 517 1862 ε’πὶ
540 1796 597 1861 τὸν
619 1794 744 1882 αῦχένα
766 1798 824 1876 τῆς
843 1791 1021 1879 Κιμίριιιῆς
1036 1797 1249 1883 Χερσονήσου

155 1901 305 1983 Σάξονες·
328 1901 430 1981 αὐτὴν
453 1898 488 1964 δὲ
511 1899 570 1980 τὴν
589 1896 800 1985 Χερσόνησον
822 1897 905 1985 ὑπὲρ
926 1899 987 1979 μὲν
1008 1897 1083 1970 τοῦς
1103 1900 1250 1983 Σιίξονας

156 2007 409 2085 Σιγούλωνες
433 2002 500 2069 ἀπὸ
525 2002 667 2085 δυσμῶν,
690 1998 762 2067 εἶτα
787 1999 1067 2084 Σαὸαλίιγγιοι,
1093 2000 1164 2068 εἰτα
1184 2010 1248 2069 Χο-

156 2105 300 2173 ἰανδοί

203 2219 252 2276 12.
274 2209 376 2297 Ὑπὲρ
400 2209 456 2280 οῦς
479 2209 619 2282 Χάλοι,
645 2207 702 2272 καὶ
726 2206 775 2273 ἔτι
809 2207 890 2295 ὑπὲρ
916 2207 1053 2279 τούτους
1083 2207 1248 2291 δυσμικῶ·

154 2339 244 2401 τερον
263 2313 324 2398 μὲν
339 2311 596 2390 Φουνδοῦσοι,
618 2310 897 2395 ἀνατολικῶτεροι
917 2310 952 2376 δὲ
967 2310 1148 2399 ’Χαρόῦδες
1168 2313 1249 2378 πόν-

154 2444 219 2484 των
234 2416 269 2483 δὲ
285 2417 521 2504 ἀρκτικῶτεροι
538 2413 685 2500 Κίμίροι.

200 2529 248 2586 13.
271 2522 366 2587 Μετὰ
391 2519 426 2585 δὲ
458 2518 533 2590 τοὺς
557 2518 703 2601 Σάξονας
725 2516 873 2583 ἀπὸτοῦ
896 2519 1075 2584 Χαλοῦσου
1096 2522 1250 2604 ποταμοῦ

153 2624 255 2712 μέχρι
270 2630 330 2691 τοῦ
345 2622 490 2705 Σουήὸου
504 2626 658 2705 ποταμοῦ
673 2620 926 2709 Φαροδεινοί.

199 2736 247 2793 14.
270 2725 353 2793 Εἰτα
373 2725 513 2793 Σειδινοὶ
542 2726 646 2813 μέχρι
678 2730 736 2792 τοῦ
755 2723 888 2791 Ἰαδοῦα
917 2731 1080 2810 ποταμοῦ,
1098 2727 1155 2793 καὶ
1175 2725 1246 2811 μετ’

155 2831 273 2902 αὐτοὺς
287 2830 504 2897 Ῥουτίκλειοι
525 2829 629 2918 μέχρι
643 2833 702 2895 τοῦ
716 2827 911 2896 Οῦιστοῦλα
930 2834 1092 2914 ποταμοῦ.

200 2942 247 3001 15.
273 2938 346 3000 Τῶν
381 2933 415 2999 δὲ
448 2934 538 3005 ἐντός
577 2933 633 2999 καὶ
661 2937 847 3016 μεσογείων
881 2933 983 3000 ἐθνῶν
1010 2933 1157 3017 μέγιστα
1184 2934 1245 3017 μέν

154 3037 227 3103 ε’στι
252 3036 300 3112 τό,
321 3064 358 3103 τε
378 3041 444 3104 τῶν
467 3036 618 3118 Σονήὸων
646 3040 711 3103 τῶν
737 3033 922 3120 Ἀγχειλῶν,
953 3035 990 3102 οἵ
1015 3035 1100 3102 εἰσιν
1129 3037 1245 3103 ιίνατο-

150 3141 326 3227 λικῶτεροι
341 3145 405 3207 τῶν
419 3139 661 3228 Λαγγοίάρδων
676 3140 899 3212 ἀνατείνοντες
920 3139 1004 3229 πρὸς
1027 3141 1087 3211 τὰς
1106 3141 1247 3226 ἄρκτους

151 3243 252 3332 μέχρι
268 3249 333 3311 τῶν
352 3245 465 3328 μέσων
479 3249 538 3310 τοῦ
557 3242 683 3315 Ἄλὸιος
706 3248 860 3328 ποταμοῦ
882 3244 938 3310 καὶ
960 3244 997 3310 τό
1016 3248 1082 3310 τῶν
1097 3243 1247 3326 Σουὴίων

152 3352 216 3413 τῶν
241 3344 418 3430 Σεμνόνων,
448 3347 566 3418 οἵτινες
595 3345 747 3428 διήκουσι
775 3348 861 3431 μετὰ
890 3347 947 3414 τὸν
962 3346 1070 3413 Ἄλὸιν
1092 3346 1159 3413 ιἰπὸ
1186 3347 1246 3414 τοῦ

152 3451 322 3537 εἰρημένου
336 3452 455 3538 μέρους
470 3450 553 3535 πρὸς
568 3451 734 3521 ἀνατολὰς
746 3450 850 3539 μέχρι
865 3455 924 3516 τοῦ
932 3450 1078 3532 Σουήίου
1092 3456 1246 3534 ποταμοῦ

152 3554 208 3619 καὶ
224 3553 261 3619 τὸ
277 3557 342 3619 τῶν
357 3553 566 3636 Βουγοόντων
583 3554 627 3619 τὰ
642 3554 760 3640 ἐφεξῆς
775 3555 832 3620 καὶ
848 3554 951 3642 μέχρι
971 3559 1030 3620 τοῦ
1051 3553 1245 3620 Οῦιστοῦλα

153 3659 370 3744 κατεχόντων.

198 3763 245 3824 16.
269 3757 462 3824 Ἐλάσσονα
497 3758 532 3825 δὲ
562 3759 638 3840 ἔθνη
675 3759 731 3824 καὶ
759 3759 887 3844 μεταξὺ
916 3763 1245 3850 κεῖνται-Καυχῶν

149 3863 209 3945 μὲν
235 3865 300 3928 τῶν
320 3866 447 3950 μικρῶν
469 3863 611 3929 καὶτῶν
633 3861 783 3944 Σουήὸων
811 3866 1034 3952 Βουσάκτεροι
1054 3863 1088 3930 οἰ
1114 3866 1243 3949 μείζους

151 3964 205 4053 ὑφ’
222 3967 277 4037 οῦς
292 3971 428 4048 Χαῖμαι·
445 3970 586 4056 Καυχῶν
609 3966 644 4032 δὲ
668 3970 733 4033 τῶν
755 3967 911 4051 μειζόνων
932 3968 989 4034 καὶ
1008 3972 1074 4035 τῶν
1093 3967 1244 4050 Σουήὸων

151 4068 397 4157 Ἀηχριουιίριοι·

198 4182 246 4243 17.
271 4171 354 4239 Εἶτα
382 4172 621 4260 Λαηχοὲάρδοι·
661 4172 716 4260 ὑφ’
746 4174 802 4246 οῦς
827 4172 1081 4258 Δουλγοῦμνιοι·
1141 4177 1243 4261 Σαξό-

152 4302 214 4342 νων
240 4276 353 4342 δὲκαὶ
378 4279 443 4342 τῶν
469 4273 619 4357 Σουήῦων
634 4278 952 4365 Τευτονοιίρ(ι)οι
978 4278 1035 4344 καὶ
1059 4279 1242 4368 Οῦιροῦνοι,

152 4379 358 4466 Φαροδεινῶν
373 4379 408 4446 δὲ
423 4381 479 4445 καὶ
497 4377 647 4462 Σουὴῦων
659 4381 782 4447 Τεότο
797 4407 856 4452 νες
872 4381 928 4447 καὶ
939 4381 1099 4470 Αῦαρποι·
1122 4382 1244 4451 Ῥουτι-

152 4483 274 4550 κλείων
290 4483 325 4549 δὲ
341 4485 397 4559 καὶ
413 4485 621 4567 Βουγοῦντων
634 4483 863 4555 Αἰλουαίωνες.

200 4594 249 4653 18.
273 4589 383 4653 Πάλιν
405 4588 469 4653 ὑπὸ
485 4587 546 4670 μὲν
569 4587 644 4660 τοὺς
660 4586 822 4672 Σέμνονας
845 4587 975 4654 οἰκοῦσι
990 4589 1159 4673 Σιλῦργαι,
1181 4590 1245 4656 ῦπὸ

155 4690 192 4756 δὲ
208 4688 285 4762 τοὺς
296 4695 499 4773 Βουγοῦντας
518 4691 682 4775 Λοόη(ι)οι
708 4691 742 4757 οἱ
759 4689 924 4775 Ὀμαννοί,
941 4691 995 4779 ὑφ’
1011 4694 1067 4764 οῦς
1080 4693 1247 4776 Λοόη(ι)οι

156 4787 189 4853 οἱ
204 4795 327 4855 Δοῦνοι
342 4790 445 4879 μέχρι
460 4795 518 4857 τοῦ
532 4789 775 4880 Ἀσκιὸουρηίου
789 4791 893 4879 ὅρους.
