2886 5378
551 815 831 873 nernncounuu.
1096 803 1236 877 lxxxvii

197 975 367 1062 Procopius
384 977 492 1044 makes
507 979 592 1042 them
603 977 725 1051 Goths;
743 979 799 1043 but
817 979 865 1043 his
880 978 1033 1064 language
1048 1000 1123 1064 may
1140 982 1236 1066 apply

145 1083 179 1139 to
205 1077 288 1141 their
303 1079 439 1164 politica}
462 1080 618 1150 relations,
637 1077 757 1144 besides
778 1079 889 1156 which,
916 1074 955 1144 he
980 1087 1126 1144 connects
1149 1080 1236 1146 them

147 1175 224 1239 with
249 1178 303 1243 the
327 1181 474 1259 Vooduls,
492 1181 555 1245 and
578 1200 650 1264 says
670 1177 740 1245 that
761 1181 838 1266 they
855 1203 936 1244 were
957 1180 1122 1265 originally
1137 1180 1236 1246 called

148 1277 340 1343 Sauromata
354 1280 416 1345 and
431 1279 832 1348 Meduacblaeai-Fordsxd
855 1277 931 1357 έθνη
958 1277 1075 1342 πολλὰ
1098 1274 1158 1358 μὲν
1180 1274 1237 1340 καὶ

148 1367 240 1434 ἄλλα
265 1372 426 1460 πρότερόν
450 1400 486 1439 τε
511 1374 550 1456 ἦν
576 1375 632 1441 καὶ
661 1371 871 1446 τανῦν·ε’στι,
898 1368 940 1435 τά
969 1369 1005 1435 δὲ
1034 1368 1074 1450 δὴ
1103 1370 1237 1434 πάντων

145 1471 290 1555 μέγιστά
305 1501 342 1541 τε
365 1476 421 1541 καὶ
445 1477 698 1562 άξιολοηάτατα
717 1474 834 1542 Γάτθοι
859 1474 894 1539 τέ
920 1471 987 1539 εἶσι
1007 1473 1063 1538 καὶ
1080 1468 1236 1539 Βανδίλοι

147 1576 203 1642 καὶ
226 1579 442 1663 Οὐῑσίηιοτθοι
460 1582 516 1648 καὶ
536 1582 707 1665 Γήταιδες.
753 1580 868 1645 Πάλαι
890 1579 1004 1660 μέντοι
1023 1576 1236 1664 Σαυρομάται

146 1681 201 1746 καὶ
217 1685 472 1773 Μελάγχλαινοι
490 1687 703 1772 ὠνομάζοντο·
730 1683 796 1751 εἰσὶ
820 1682 856 1748 δὲ
880 1681 912 1748 ol
935 1682 991 1748 καὶ
1017 1681 1135 1747 Γετικδ
1159 1679 1236 1760 ἔθνη

145 1783 235 1851 τοῦτ’
251 1787 401 1854 ἐκάλουν.
446 1789 548 1856 Οὗτοι
571 1791 715 1860 άταντες
737 1787 878 1869 ὀνόμασι
899 1786 960 1868 μὲν
983 1785 1144 1865 ἀλλήλων
1168 1782 1237 1849 δια-

143 1889 310 1975 φέρουσιν,
342 1891 456 1979 ὥσπερ
486 1895 622 1981 εἴρηται,
653 1894 750 1978 άλλιρ
788 1889 823 1955 δέ
860 1892 925 1955 τῶν
957 1888 1092 1954 πάντων
1128 1885 1235 1954 οὐδενὶ

145 1989 407 2061 διαλλάσσουσι.
450 1998 568 2063 Λευκοὶ
582 1996 645 2084 ιγάρ
661 1997 805 2066 ἅπαντες
820 1995 862 2059 τά
874 1992 1014 2074 σώματά
1029 1991 1065 2057 τέ
1090 1990 1157 2056 εἰσι
1181 1990 1238 2056 καὶ

145 2093 204 2166 τὰς
230 2099 334 2180 κόμας
360 2099 485 2184 ξανθοὶ,
503 2101 653 2184 εὐμήκεις
677 2126 713 2166 τε
734 2097 791 2165 καὶ
819 2095 941 2180 άηαθοὶ
966 2095 1026 2166 τάς
1051 2095 1160 2182 ὄψεις,
1182 2094 1238 2160 καὶ

147 2199 257 2282 νόμοις
271 2202 332 2284 μὲν
353 2207 421 2274 τοῖς
445 2204 557 2275 αὐτοῖς
577 2207 735 2294 χρῶνται,
758 2200 879 2284 ὁμοίως
900 2199 935 2264 δὲ
959 2198 1001 2264 τὰ
1027 2199 1060 2269 ἐς
1082 2198 1138 2264 τὸν
1162 2197 1240 2265 θεὸν

145 2303 256 2375 αὐτοῖς
270 2304 424 2388 ἤσκηται.
468 2313 532 2390 Τῆς
546 2307 611 2396 γὰρ
622 2307 742 2394 Ἀρείου
757 2305 854 2389 δόξης
874 2302 959 2369 εἰσιν
974 2302 1127 2378 ἅπαντες,
1146 2302 1237 2388 φωνή

144 2433 180 2472 τε
195 2407 307 2480 αὐτοῖς
323 2409 396 2476 ἐστι
407 2410 478 2493 μία,
488 2411 628 2494 Γοτθικὴ
643 2408 815 2495 λεγομένη,
837 2407 897 2473 καί
907 2432 965 2488 μοι
981 2404 1098 2474 δοκοῦν
1113 2406 1151 2491 ἐξ
1166 2406 1236 2478 ἑνὸς

142 2513 203 2594 μὲν
218 2509 300 2577 εἶναι
323 2512 466 2585 ἅπαντες
492 2513 530 2581 τὸ
553 2516 700 2582 παλαιὸν
724 2514 846 2587 ἔθνους,
872 2508 1013 2594 ὀνόμασι
1034 2509 1070 2575 δέ
1096 2512 1236 2597 ὕστερον

143 2623 208 2686 τῶν
231 2621 383 2694 ἑκάστοις
403 2623 619 2708 ἡγησαμένων
640 2620 1004 2713 διακεκρίσθαι-ΒεΗ.
1016 2619 1154 2686 Vandal.
1166 2621 1186 2685 i.
1205 2625 1236 2686 2.

145 2737 271 2817 Πολλῷ
283 2729 318 2795 δὲ
332 2730 457 2799 ἄποθεν
472 2735 543 2816 (τῆς
559 2731 759 2819 Μαιώτιδος)
774 2729 892 2797 Γάτθοι
907 2756 943 2796 τε
954 2730 1011 2795 καὶ
1020 2730 1236 2814 Οὐῐσθγοτθοι

144 2833 200 2899 καὶ
215 2832 370 2900 Βανδίλοι
391 2834 501 2901 καὶτὰ
525 2836 617 2903 ἄλλα
639 2835 780 2902 Γοτθικά
794 2832 871 2917 ηένη
895 2832 1071 2916 ξύμπαντα
1097 2831 1234 2921 ἵδρυντο.

144 2933 272 2997 -Bell
292 2932 388 2998 Goth.
403 2934 444 3000 iv.
460 2942 489 3000 5.
550 2990 556 3001 .

189 3033 241 3098 He
253 3033 342 3111 adds,
358 3044 420 3114 too,
437 3034 595 3122 Σκίῤῥους
607 3060 643 3100 τε
654 3033 711 3099 καὶ
723 3031 862 3099 Ἀλανο
874 3030 912 3100 ὺς
922 3029 979 3094 καὶ
991 3029 1084 3096 ἄλλα
1095 3030 1237 3098 Γὸτθικα
1263 3090 1266 3095 .

144 3131 353 3214 sem-Bell.
374 3134 470 3202 Goth.
495 3135 515 3199 i.
541 3139 570 3202 1.
632 3134 714 3200 Now
740 3136 794 3200 the
818 3133 919 3197 Alans
946 3151 1037 3209 were,
1063 3133 1235 3219 assuredly,

143 3256 183 3297 no
200 3234 301 3301 Goths
317 3235 349 3300 in
365 3232 544 3322 ethnology.
590 3235 649 3301 See
665 3237 683 3320 §
697 3234 808 3300 Αἰακὲ.

185 3334 253 3400 The
279 3336 436 3413 evidence,
467 3337 550 3414 then,
579 3336 611 3401 in
643 3336 752 3401 favour
778 3333 815 3398 of
833 3332 915 3400 their
946 3333 1039 3419 being
1068 3333 1170 3399 Goths
1200 3357 1236 3398 or

143 3433 304 3514 Germans,
319 3437 345 3502 is
360 3437 429 3501 that
446 3437 482 3500 of
498 3459 531 3501 so
547 3459 642 3522 many
656 3436 772 3502 others.
824 3433 920 3498 Their
929 3434 1085 3509 allianees,
1102 3433 1165 3498 and
1181 3434 1233 3498 the

141 3558 247 3600 names
264 3535 301 3599 of
319 3558 404 3602 some
425 3535 462 3600 of
479 3536 561 3600 their
581 3536 709 3615 leaders,
731 3535 826 3619 along
840 3533 917 3598 with
938 3557 958 3598 a
974 3533 1152 3617 (socalled)
1170 3541 1231 3598 tra-

142 3634 240 3699 dition
263 3658 315 3699 are
337 3637 369 3701 in
392 3635 473 3701 their
488 3636 619 3711 favour;
648 3636 729 3701 their
747 3635 875 3722 locality
891 3635 1014 3721 against
1039 3634 1135 3698 them.
1188 3634 1231 3698 So

140 3735 167 3799 is
182 3735 235 3799 the
252 3734 335 3820 gloss
346 3737 497 3822 Gepaatu.
531 3735 573 3801 So
591 3737 617 3801 is
634 3737 688 3801 the
703 3758 830 3822 express
845 3735 992 3801 evidence
1004 3735 1040 3798 of
1049 3734 1230 3820 Procopius.

483 3937 604 4022 §xxun
625 3961 687 4002 run
710 3960 882 4002 enarrans.

190 4084 291 4149 These
305 4109 358 4150 are
376 4084 442 4151 first
465 4087 643 4151 mentioned
658 4087 701 4172 by
719 4085 939 4162 Mamertinus,
955 4110 1017 4150 nn.
1035 4088 1094 4150 291
1114 4109 1121 4148 ε
1149 4085 1231 4150 their

139 4185 267 4271 locality
277 4186 369 4271 being
390 4209 430 4250 on
452 4187 506 4251 the
523 4186 645 4253 Middle
661 4186 804 4264 Danube,
820 4186 884 4250 and
899 4185 981 4250 their
995 4184 1081 4250 chief
1091 4185 1226 4271 politica}

138 4285 284 4351 relations
307 4286 382 4351 with
409 4287 463 4352 the
490 4288 663 4376 lberoinys,
693 4287 837 4363 Vondols,
865 4287 999 4373 Gepida,
1021 4287 1226 4366 Ostra-Gotls,

137 4385 412 4473 andemiyaatos.

186 4487 337 4564 Zosimus,
358 4511 399 4553 an
422 4489 598 4554 indifferent
611 4489 782 4575 authority,
799 4488 908 4553 makes
929 4489 1015 4554 them
1037 4487 1223 4574 Scythiaus:

136 4586 408 4656 -Ἐπελθόντων
433 4588 469 4656 δὲ
498 4593 693 4677 Θαῑφάλων,
730 4589 894 4656 Σκυθικοῦ
926 4589 1049 4673 γένους,
1085 4588 1225 4656 ἱππεῦσι

135 4689 376 4763 πεντακοσίοις,
393 4690 431 4754 οὐ
445 4689 545 4772 μόνον
558 4692 618 4756 οὐκ
631 4690 833 4772 ἀντετάξατο
849 4689 987 4764 τούτοις,
1003 4689 1095 4755 ἀλλὰ
1116 4689 1171 4753 καὶ
1187 4688 1225 4752 τὸ

135 4791 297 4874 πολὺτῆς
322 4793 487 4876 δυνάμεως
511 4793 699 4869 άττοθαλὼν,
725 4793 781 4859 καὶ
804 4793 846 4858 τὰ
867 4793 969 4881 μέχρι
993 4798 1052 4859 τοῦ
1076 4793 1225 4881 χάρακος
