2858 5310
529 796 825 854 Pnotssouurm.
1139 783 1228 853 xciii

130 959 212 1025 disse
226 959 409 1025 exereitum.
461 958 540 1025 Gom
555 961 586 1024 in
599 959 740 1045 captivos
753 959 913 1023 saevirctur
925 981 945 1022 a
960 957 1136 1035 Germanis,
1150 983 1227 1045 prae-

128 1061 205 1124 clari
229 1060 374 1126 facinoris
390 1069 500 1126 auctor
522 1059 582 1124 fuit
605 1059 723 1123 Caldus
733 1058 861 1135 Cealius,
877 1058 1057 1125 adolescens
1070 1067 1228 1126 vetustate

130 1159 256 1225 familiae
278 1184 342 1226 suas
368 1160 586 1246 dignissimus:
612 1160 675 1244 qui,
700 1160 880 1245 complexus
906 1169 1098 1239 catenarum,
1115 1162 1227 1245 qrribus

133 1261 257 1326 vinctus
278 1271 356 1340 erat,
380 1262 501 1335 seriem,
525 1261 571 1324 ita
590 1261 658 1324 illas
683 1260 769 1324 illisit
787 1260 881 1345 capiti
906 1259 1005 1348 [suo],
1028 1270 1065 1325 ut
1086 1262 1227 1346 protinus

133 1362 251 1445 pariter
267 1362 428 1448 sanguinis
442 1362 619 1444 cerebrique
636 1358 763 1425 influvio
779 1360 963 1445 exspiraret.

179 1462 310 1527 cxxi.
336 1463 457 1527 Eadem
481 1470 513 1526 et
536 1462 635 1526 virtus
657 1469 688 1524 et
714 1462 841 1525 fortuna
862 1461 1061 1546 subsequenti
1087 1468 1228 1547 tempore

136 1559 291 1648 [ingressa
313 1562 468 1650 animum]
494 1562 687 1647 imperatoris
707 1560 824 1625 Tiberii
839 1561 908 1639 fuit,
920 1585 995 1646 quea
1010 1562 1099 1626 initio
1113 1563 1227 1627 fuerat.

133 1662 203 1744 Qui,
233 1664 370 1729 contusis
397 1664 535 1728 hostium
557 1662 684 1735 viribus,
712 1661 848 1727 classicis
873 1662 1074 1747 peditumque
1099 1664 1227 1748 expedi·

132 1764 281 1840 tionibus,
308 1787 379 1828 eum
395 1786 443 1828 res
459 1763 631 1827 Galliarum
651 1762 796 1826 maximae
818 1762 920 1839 molis,
942 1786 1146 1848 accensasque
1163 1765 1228 1849 ple·

131 1862 180 1928 bis
206 1864 432 1929 Viennensium
455 1863 669 1937 dissensiones,
693 1862 877 1927 coercitione
899 1863 999 1948 magis
1021 1886 1114 1948 quam
1136 1888 1227 1950 poena

132 1964 301 2038 mollisset;
329 1974 361 2029 et
384 1973 511 2029 senatus
528 1964 719 2049 populusque
745 1963 916 2042 chcanm,
939 1963 1118 2049 postulante
1137 1973 1226 2050 patre

131 2061 206 2149 ejus,
231 2073 267 2129 ut
290 2088 412 2149 aequum
436 2065 462 2129 ei
480 2062 535 2149 jus
557 2065 587 2127 in
611 2063 754 2128 omnibus
779 2064 946 2148 provinciis
979 2064 1227 2149 exercitibusque

91 2213 99 2228 .
132 2173 214 2229 esset
243 2163 352 2250 [quam
375 2174 442 2230 erat
464 2163 552 2251 ipsi]‚
578 2164 703 2228 decreto
729 2164 910 2249 complexus
936 2172 1028 2229 esset.
1082 2165 1227 2245 (Etenim

131 2265 303 2330 absurdum
322 2274 400 2341 erat,
421 2289 483 2329 non
501 2289 567 2329 esse
587 2265 645 2329 snb
667 2263 730 2341 illo,
753 2287 822 2347 queo
839 2264 880 2329 ab
897 2264 949 2328 illo
964 2264 1224 2340 vindicabantu13

133 2373 167 2429 et
197 2366 249 2450 qui
281 2366 322 2430 ad
353 2388 444 2451 opem
478 2364 639 2430 ferendam
670 2365 789 2449 primus
820 2371 899 2440 erat,
931 2364 974 2429 ad
1004 2365 1227 2431 vindicandum

134 2465 282 2531 bonorem
311 2489 373 2530 non
400 2465 543 2552 judicare
575 2467 720 2551 parem):
762 2465 794 2529 in
827 2464 949 2529 Urbem
979 2488 1128 2543 reversus,
1157 2464 1227 2551 jam

135 2566 255 2652 pridem
271 2567 421 2644 debitum,
437 2567 492 2631 scd
507 2565 742 2630 continuatione
757 2564 910 2629 bellorum
928 2565 1071 2641 dilatum,
1087 2589 1127 2630 ex
1144 2566 1227 2632 Pan.

135 2668 236 2732 noniis
260 2667 476 2751 Delmatisque
498 2668 562 2752 egit
583 2666 788 2750 triumphum.
846 2664 942 2752 Cujus
964 2665 1228 2752 magnificentiam

136 2768 206 2851 quis
227 2767 357 2832 miretur
380 2769 413 2832 in
437 2767 582 2833 Gaesarei
643 2766 793 2830 Fortuna
818 2789 891 2830 vero
918 2767 987 2851 quis
1008 2790 1070 2831 non
1096 2767 1226 2833 miretur

105 2876 108 2880 '
135 2867 376 2954 indulgentiam?
404 2868 516 2953 quippe
542 2890 650 2932 omnes
676 2866 935 2932 eminentissimos
957 2867 1095 2932 bostium
1122 2868 1226 2945 duces,

134 2992 196 3033 non
222 2968 338 3034 occisos
363 2969 448 3032 fama
474 2969 624 3045 narravit,
648 2968 703 3033 sed
729 2969 850 3032 vinctos
874 2968 1051 3053 triumphus
1078 2969 1228 3033 ostendit.

136 3069 236 3150 Quem
272 3069 358 3147 mihi,
389 3069 537 3153 fratrique
573 3091 653 3145 meo,
684 3068 767 3132 inter
800 3069 970 3154 praecipuos
1000 3069 1226 3154 praeeipuisque

137 3169 225 3234 donis
238 3168 407 3234 adornatos
421 3169 504 3233 viros
518 3169 659 3233 comitari
674 3169 816 3254 contigit.
1218 3174 1220 3179 '

179 3270 332 3336 cxxii.
360 3269 438 3351 Quis
462 3292 523 3334 non
544 3269 626 3334 inter
652 3269 779 3352 reliqua,
802 3269 914 3352 quibus
935 3268 1098 3353 singularis
1120 3269 1225 3333 mode·

135 3370 215 3436 ratio
229 3371 300 3435 Tib.
316 3370 449 3435 Oaesaris
473 3371 573 3434 elucet
597 3378 692 3453 atque
715 3371 841 3444 eminet,
865 3369 924 3433 hoe
949 3392 1068 3453 quoque
1085 3369 1224 3447 miretur,

134 3472 316 3555 quodcum
341 3471 407 3535 sine
432 3469 497 3534 ulla
514 3471 709 3535 dubitatione
731 3478 850 3555 septem
874 3470 1049 3554 triumphos
1066 3470 1224 3546 meruerit,

136 3573 235 3637 tribus
258 3579 424 3636 contentus
450 3570 566 3635 fueriti
624 3570 701 3651 Quis
732 3570 814 3633 enim
838 3569 981 3634 dubitare
1004 3577 1117 3654 potest,
1149 3570 1224 3654 quin

135 3695 176 3737 ex
201 3672 353 3737 Armenia
376 3680 511 3757 recepta,
536 3679 632 3735 etex
657 3692 730 3756 rege
753 3672 780 3734 ei
807 3670 982 3755 praeposito,
1014 3669 1102 3756 cujus
1129 3671 1224 3757 capiti

134 3773 255 3858 insigne
287 3772 407 3857 regium
439 3795 496 3837 sua
522 3794 618 3835 manu
649 3771 849 3856 imposuerat,
887 3770 1097 3854 ordinatisque
1133 3772 1226 3836 rebus

135 3872 282 3949 Orientis,
300 3896 396 3937 ovans
413 3872 607 3957 triumphare
627 3871 791 3936 debuerit?
814 3879 855 3947 et,
873 3869 1109 3935 Vindelicorum
1133 3871 1226 3936 Rhae·

133 3981 296 4057 torumque
318 3973 427 4048 vietor,
453 3996 544 4036 curru
566 3973 675 4036 urbem
692 3971 832 4056 ingredi?
877 3970 1001 4035 Fraetis
1026 3971 1226 4056 deindepost

132 4074 331 4158 adoptionem
354 4073 501 4138 continua
521 4073 645 4138 triennii
670 4072 781 4136 militia
799 4071 973 4136 Gennaniae
996 4071 1123 4145 viribus,
1142 4072 1225 4136 idem

131 4173 177 4237 illi
201 4174 300 4238 honor
329 4183 360 4237 et
388 4174 571 4238 deferendus
594 4182 626 4237 et
650 4171 846 4257 recipiendus
872 4171 986 4236 fueriti
1008 4179 1041 4236 et
1067 4181 1137 4257 post
1163 4172 1224 4237 cla·

131 4273 203 4338 dem
234 4274 292 4338 sub
320 4273 407 4338 Varo
432 4284 603 4359 acceptam,
633 4272 719 4337 ocius
744 4271 950 4357 prosperrimo
978 4295 1081 4336 rernm
1110 4282 1225 4338 eventu

132 4374 243 4439 eadem
269 4375 374 4439 excisa
401 4374 569 4438 Germania
593 4373 785 4458 triumphum
815 4372 927 4437 summi
958 4372 1045 4438 ducis
1074 4373 1225 4437 adornare

132 4474 298 4540 debuerit?
353 4475 415 4539 Sed
442 4475 473 4538 in
504 4476 563 4539 hoc
585 4474 651 4539 viro
680 4475 809 4550 nescias,
839 4482 946 4537 utrum
971 4475 1071 4560 magis
1092 4474 1223 4548 mireris,

132 4575 216 4659 quod
246 4575 387 4640 laborum
415 4575 679 4660 periculorumque
704 4598 825 4658 semper
848 4574 981 4639 excessit
1010 4574 1146 4654 modum,
1174 4597 1224 4650 an,

132 4676 216 4760 qnod
232 4677 380 4743 honorem
396 4677 591 4761 temperavit.
