2886 5378
174 800 236 870 lxii
455 812 532 866 nun
554 811 737 888 sennaar
759 811 808 866 on
833 810 999 866 uncinus.

173 976 421 1063 cognoscendum
445 985 593 1062 putaret;
633 977 702 1042 haec
731 1000 807 1054 esse,
836 1000 904 1063 quae
935 978 975 1042 ab
1006 999 1043 1041 eo
1073 977 1268 1061 postularet:

173 1079 317 1164 primum,
347 1101 386 1143 ne
415 1101 510 1164 quam
542 1077 705 1143 homiuum
736 1077 972 1143 multitudinem
1008 1077 1143 1164 amplius
1184 1085 1272 1142 trans

173 1179 319 1243 Rhenum
357 1180 389 1243 iu
426 1178 564 1244 Galliam
596 1179 830 1251 transduceret:
876 1178 989 1243 deinde
1025 1178 1157 1256 obsides,
1196 1201 1272 1263 quos

171 1280 302 1345 haberet
316 1280 357 1344 ab
372 1279 501 1357 AEduis,
517 1278 662 1345 redderet
679 1279 891 1365 Sequanisque
908 1279 1114 1366 permitteret,
1131 1286 1178 1356 ut,
1195 1301 1272 1363 quos

171 1380 216 1445 illi
231 1381 391 1458 haberent,
409 1381 569 1445 voluntate
584 1377 651 1466 ejus
665 1381 795 1446 reddere
809 1381 870 1447 illis
891 1380 998 1445 liceret
1013 1404 1022 1452 ς
1050 1401 1128 1444 neve
1143 1379 1272 1444 AEduos

170 1479 285 1565 injuria
302 1481 477 1559 lacesseret,
493 1504 571 1546 neve
597 1482 646 1547 his
661 1480 790 1548 sociisve
808 1504 915 1546 eorum
938 1481 1055 1545 bellum
1069 1479 1219 1545 inferret:
1243 1481 1268 1546 si

171 1581 205 1647 id
233 1582 281 1646 ita
305 1581 430 1659 fecissit,
456 1581 516 1648 sibi
545 1581 721 1668 populoque
749 1582 892 1647 Romano
925 1588 1109 1667 perpetuam
1133 1583 1268 1667 gratiam

171 1690 266 1766 atque
289 1681 460 1747 amicitiam
488 1705 560 1747 cum
585 1706 622 1748 eo
648 1683 808 1747 futuram:
832 1681 858 1748 si
883 1704 946 1746 non
973 1674 1165 1767 impetraret,
1190 1705 1269 1758 sese,

171 1783 319 1868 qnoniam
337 1784 385 1847 M.
405 1783 552 1861 Messala,
572 1782 621 1848 M.
638 1783 753 1848 Pisone
771 1782 858 1848 Coss.
875 1790 1002 1849 senatus
1017 1783 1195 1861 censuisset,
1209 1782 1268 1858 uti,

171 1885 358 1969 quicumque
388 1883 524 1948 Galliam
553 1883 745 1968 provinciam
784 1884 950 1962 obtineret,
983 1882 1067 1968 quod
1104 1882 1269 1947 commodo

171 1984 348 2069 reipublice
363 1984 464 2050 facere
481 1992 596 2069 posset,
613 1983 741 2050 AEduos
757 1992 936 2069 ceterosque
950 1983 1067 2049 amicos
1084 1984 1189 2070 populi
1205 1984 1268 2047 Ro·

171 2086 257 2150 mani
280 2084 473 2159 defenderet,
496 2107 562 2150 sese
584 2084 766 2150 AEduorum
789 2083 918 2171 injurias
938 2107 1001 2149 nou
1022 2084 1268 2170 neglecturum.''

233 2185 413 2250 XXXVI.
453 2184 507 2251 Ad
541 2186 608 2252 haec
639 2185 818 2250 Ariovistus
851 2185 1032 2271 respondit:
1073 2184 1169 2251 “Jus
1200 2208 1266 2250 esse

171 2286 255 2364 belli,
285 2294 330 2362 ut,
367 2287 419 2370 qui
449 2286 605 2364 vicissent,
632 2286 680 2365 iis,
712 2308 789 2371 quos
819 2285 974 2365 densent,
1004 2285 1267 2370 quemadmodum

171 2388 299 2465 vellent,
317 2387 526 2473 imperarent:
550 2386 627 2451 item
654 2386 802 2472 populum
829 2386 1007 2451 Romanum
1022 2387 1113 2452 victis
1137 2410 1201 2451 nou
1225 2387 1266 2451 ad

171 2487 300 2553 alterius
317 2489 542 2574 prescriptum,
569 2487 624 2552 sed
641 2486 683 2552 ad
708 2509 798 2552 suum
825 2488 989 2553 arbitrium
1016 2488 1168 2574 imperare
1194 2511 1267 2552 con-

171 2610 286 2654 suesse.
332 2588 366 2653 Si
392 2588 459 2674 ipse
485 2588 599 2674 populo
625 2587 768 2653 Romano
791 2611 853 2653 non
880 2589 1104 2674 prescriberet,
1120 2588 1267 2673 quemad-

172 2688 301 2752 modum
336 2712 392 2753 suo
416 2686 490 2774 jure
526 2695 690 2763 uteretur;
734 2711 797 2752 non
829 2697 972 2773 oportere
1004 2711 1070 2755 sese
1104 2712 1123 2753 a
1153 2690 1267 2775 populo

173 2788 315 2852 Romano
342 2789 374 2853 in
396 2810 451 2853 suo
473 2786 546 2874 jure
570 2788 723 2872 impediri.
769 2787 896 2853 AEduos
922 2789 991 2866 sibi,
1022 2791 1168 2872 quoniam
1195 2789 1267 2855 belli

172 2888 329 2978 fortunam
356 2896 530 2954 tentassent
554 2896 587 2951 et
622 2888 718 2952 armis
744 2888 900 2971 congressi
924 2911 962 2952 ac
987 2891 1123 2974 superati
1152 2900 1266 2968 essent,
1350 2886 1353 2891 ’

172 2988 389 3073 stipendiarios
405 3011 471 3054 esse
488 2988 598 3052 factos.
645 2988 796 3072 Magnam
821 2986 975 3052 Gaesarem
992 2986 1136 3074 iujuriam
1154 2990 1265 3067 facere,

171 3091 224 3173 qui
250 3111 305 3152 suo
329 3088 468 3153 adventu
482 3086 647 3171 vectigalia
664 3087 723 3152 sibi
747 3086 902 3152 deteriora
917 3088 1046 3154 faceret.
1091 3088 1212 3154 AEduis
1234 3114 1266 3155 se

171 3189 294 3254 obsides
320 3189 516 3254 redditurum
542 3210 603 3251 non
630 3209 705 3265 esse,
724 3209 824 3271 neque
845 3188 893 3265 iis,
919 3211 1019 3274 neque
1043 3211 1149 3254 eorum
1176 3191 1267 3256 sociis

172 3287 287 3376 injuria
301 3289 416 3354 bellum
431 3289 601 3363 illaturum,
618 3288 690 3353 siin
706 3311 743 3352 eo
760 3296 930 3368 manerent,
957 3289 1040 3375 quod
1063 3290 1267 3369 convenisset,

172 3390 422 3476 stipendiumque
451 3389 617 3475 quotannis
650 3387 844 3474 penderent;
885 3390 912 3455 si
944 3389 976 3454 id
1008 3412 1070 3454 non
1110 3391 1265 3468 fecissent,

171 3491 262 3576 longe
289 3491 326 3556 iis
350 3492 523 3556 fraternum
542 3512 655 3554 nomen
679 3489 785 3575 populi
801 3489 935 3555 Romani
951 3490 1121 3556 afuturum.
1175 3492 1267 3574 Quod

170 3591 229 3656 sibi
243 3591 347 3658 Oaesar
359 3590 570 3668 denunciaret,
585 3613 618 3655 se
627 3590 809 3654 AEduorum
821 3589 948 3678 iujurias
961 3615 1022 3656 non
1031 3593 1244 3677 neglecturum
1256 3621 1265 3668 ;

171 3692 327 3755 neminem
343 3714 448 3756 seorim
471 3691 537 3756 sine
560 3713 618 3755 sna
640 3691 775 3776 pernicie
793 3692 996 3758 contendisse.
1043 3692 1147 3774 Quum
1164 3693 1266 3771 vellet,

170 3792 432 3877 congrederetur3
457 3791 699 3867 intellectumm,
715 3791 789 3876 quid
817 3792 926 3856 invicti
942 3793 1089 3857 Germani
1116 3795 1266 3858 exercita·

170 3892 283 3957 tissimi
309 3893 340 3956 in
362 3892 467 3970 armis,
485 3892 538 3977 qui
564 3891 645 3955 inter
671 3914 768 3956 annos
796 3892 1031 3975 quatuordecim
1059 3901 1179 3958 tectum
1204 3917 1267 3959 non

169 3991 324 4057 subissent
342 3993 459 4058 virtute
473 3991 630 4078 possent.”

224 4091 423 4157 XXXVII.
452 4092 532 4157 Hac
553 4091 664 4156 eodem
689 4099 828 4176 tempore
851 4091 966 4158 Oaesari
988 4093 1138 4160 mandata
1155 4095 1267 4159 refere-

171 4193 295 4268 bantur,
312 4202 343 4258 et
370 4192 465 4278 legati
490 4193 530 4257 ab
551 4191 670 4256 AEduis
697 4200 729 4256 et
752 4215 772 4256 a
798 4192 935 4257 Treviris
951 4194 1137 4260 veniebant:
1162 4195 1267 4261 AEdui

170 4302 325 4377 questum,
353 4293 437 4378 quod
462 4292 619 4370 Harudes,
638 4294 690 4376 qui
719 4315 817 4377 nuper
844 4294 878 4357 in
902 4293 1037 4358 Galliam
1062 4296 1267 4382 transportati

171 4401 285 4468 essent,
301 4391 378 4459 fines
402 4416 508 4458 eorum
532 4393 774 4478 popularentur;
800 4415 867 4457 sese
886 4416 925 4457 ne
951 4394 1112 4461 obsidibus
1141 4396 1267 4481 quidem

171 4494 254 4559 datis
290 4516 399 4578 pacem
432 4493 584 4558 Ariovisti
614 4492 767 4557 redimere
792 4494 948 4576 potuisse:
991 4495 1110 4561 Treviri
1148 4508 1267 4575 autem,

170 4617 268 4680 pagos
301 4602 427 4658 centum
461 4593 635 4658 Suevornm
665 4593 707 4657 ad
741 4594 824 4678 ripas
862 4593 964 4659 Rheni
998 4597 1182 4676 consedisse,
1214 4598 1267 4683 qui

171 4695 316 4760 Rhenum
336 4695 467 4759 transire
494 4704 700 4767 conarentur3
739 4694 775 4758 iis
803 4717 933 4778 praesse
958 4695 1097 4762 Nasuam
1122 4707 1154 4763 et
1180 4697 1267 4764 (lim-

171 4796 291 4861 borium
317 4795 439 4860 fratres.
493 4794 614 4876 Quibus
636 4796 728 4860 rebus
745 4793 848 4860 cesar
867 4796 1066 4863 vehementer
1083 4806 1269 4875 commotus,
