2886 5378
570 845 847 901 nrltanonnna.
1155 837 1257 907 xxvii

163 1036 238 1079 aera
260 1012 364 1097 lapsus
388 1009 504 1076 imitari
520 1008 694 1086 videantur,
711 1017 742 1074 et
757 1030 978 1091 nonnunquam
995 1009 1028 1073 in
1043 1009 1095 1073 illo
1110 1010 1257 1077 barathro

165 1113 317 1178 horrendo
335 1112 427 1178 nimis
443 1112 530 1177 exitu
550 1117 690 1196 pereunt.
736 1108 825 1195 Saepe
848 1130 919 1172 cum
936 1106 1005 1194 jam
1024 1107 1153 1196 jamque
1177 1135 1259 1179 mer-

165 1213 274 1299 genda
297 1213 369 1290 sint,
391 1212 503 1278 subitis
522 1211 677 1276 undarum
697 1208 830 1274 molibus
852 1216 1013 1275 retroactae
1040 1219 1130 1277 tanta
1153 1236 1259 1279 rursus

167 1314 308 1399 agilitate
344 1313 457 1378 exinde
495 1312 687 1396 elongantur,
717 1317 834 1393 quanto
870 1309 955 1394 prins
990 1309 1141 1377 adtracta
1176 1321 1259 1382 sunt

168 1413 339 1478 Affirmant
362 1436 428 1479 esse
452 1421 484 1478 et
503 1411 598 1477 aliam
622 1407 799 1496 hujusmodi
823 1409 1011 1496 voraginem,
1029 1410 1111 1476 inter
1134 1413 1259 1480 Britan·

168 1514 252 1579 niam
267 1513 409 1590 insulam,
428 1512 623 1595 Galliamque
639 1509 847 1597 provinciam:
872 1510 922 1574 oui
935 1510 1031 1576 etiam
1054 1512 1098 1577 rei
1119 1513 1259 1601 adstipu-

168 1615 273 1678 lantur
304 1613 481 1698 Sequanicae
504 1611 743 1697 Aquitaniaequa
773 1610 874 1688 litora,
894 1633 962 1694 qua
992 1611 1040 1677 bis
1064 1611 1097 1676 in
1120 1613 1259 1681 dietam

168 1713 279 1780 subitis
295 1712 549 1778 inundationibus
562 1711 737 1797 opplentur,
754 1711 857 1794 utqui
882 1710 1012 1777 fortasse
1034 1712 1260 1796 aliquantulum

168 1815 317 1879 introrsus
339 1837 359 1879 a
378 1814 469 1879 litore
485 1821 625 1899 repertus
640 1809 744 1888 fauerit,
762 1810 893 1876 evadere
908 1812 961 1875 vix
979 1813 1085 1897 possit.
1142 1814 1261 1884 Videas

169 1938 275 1980 aarum
305 1914 466 2000 regionum
496 1910 633 1990 flumina,
665 1911 783 1975 fontem
812 1933 918 1976 versus
949 1934 1040 1976 cursu
1070 1914 1261 1982 velocissimo

169 2015 277 2088 relabi,
293 2036 330 2079 ao
345 2013 583 2100 permultorum
597 2011 729 2075 millium
744 2009 853 2097 spatia,
870 2010 976 2077 dulces
997 2010 1160 2079 fluminum
1181 2017 1262 2102 lyrn-

170 2115 248 2200 phas
278 2115 311 2178 in
339 2111 579 2180 amaritudinem
609 2112 698 2177 verti.
743 2110 887 2197 Triginta
915 2109 1011 2177 ferme
1040 2137 1059 2178 a
1090 2113 1262 2199 Sequanico

169 2215 258 2279 litore
285 2213 410 2279 Euodia
434 2213 536 2279 insula
560 2211 698 2277 millibus
722 2210 829 2290 distat,
855 2211 887 2275 in
912 2235 982 2296 qua,
1007 2213 1088 2278 siout
1114 2215 1155 2279 ab
1180 2217 1263 2284 illius

168 2314 275 2380 incolis
298 2314 509 2389 adseveratur,
524 2312 718 2398 vergentium
742 2312 775 2376 in
799 2311 930 2376 eandem
953 2312 1146 2400 Charybdim
1165 2338 1262 2401 aqna-

170 2438 239 2479 mm
253 2414 418 2500 garrulitas
440 2412 577 2479 auditur.
622 2411 741 2476 Audivi
763 2411 918 2495 quendam
938 2413 1163 2481 nobilissimum
1186 2417 1261 2483 Gal·

42 2506 45 2512 ’
133 2560 137 2567 -
169 2514 267 2579 lorum
298 2515 493 2591 referentem,
522 2512 605 2597 qnod
633 2511 800 2595 aliquanta
828 2534 933 2591 naves,
962 2513 1047 2598 prius
1074 2522 1262 2602 tempestate

169 2616 331 2693 convulsae,
347 2612 545 2700 postmodum
567 2613 608 2678 ab
629 2612 688 2677 hac
710 2611 819 2676 eadem
849 2611 1009 2699 Charybdi
1032 2622 1149 2681 voratae
1175 2626 1260 2685 sunt.

173 2715 264 2779 Unus
285 2723 391 2780 autem
412 2737 452 2779 ex
474 2713 617 2778 omuibus
633 2711 707 2778 viris
723 2711 927 2791 solummodo,
942 2712 1039 2797 quiin
1055 2716 1186 2783 navibus
1200 2718 1262 2785 illis

170 2814 305 2891 fuerant,
335 2813 537 2879 morientibus
566 2812 695 2892 caeteris,
726 2812 801 2876 dum
829 2812 933 2877 adhuc
960 2811 1107 2881 fluctibus
1140 2818 1261 2903 spirans

168 2923 394 3000 supernataret,
411 2916 604 2997 viaquarnm
627 2911 791 2977 fluentium
805 2913 969 2991 abductus,
992 2913 1033 2979 ad
1055 2938 1142 2981 oram
1164 2941 1260 3004 usque

170 3015 384 3081 immanissimi
399 3015 481 3080 illius
495 3012 635 3079 barathri
649 3012 800 3099 pervenit.
847 3013 909 3095 Qui
922 3037 993 3079 cum
1000 3013 1069 3101 jam
1086 3018 1259 3102 profundis·

168 3116 288 3193 simam,
312 3124 345 3181 et
370 3115 436 3181 sine
459 3112 520 3179 fine
541 3123 653 3200 patens
675 3114 769 3179 chaos
793 3112 977 3199 adspiceret,
993 3115 1120 3200 ipsoque
1144 3142 1259 3205 pavore

169 3224 381 3300 premortuus,
394 3239 427 3281 se
442 3215 515 3280 illuc
527 3214 682 3279 ruiturum
696 3220 902 3299 exspectaret,
918 3215 1021 3281 subito
1036 3218 1119 3302 qnod
1136 3242 1259 3306 sperare

168 3340 229 3381 non
244 3325 378 3402 poterat,
390 3339 467 3382 saxo
481 3314 616 3400 quodam
630 3311 820 3400 superjectus
836 3313 961 3381 insedit.
1006 3315 1153 3384 Decursis
1167 3320 1260 3404 siqui·

169 3417 241 3481 dem
262 3415 330 3503 jam
357 3417 510 3491 omnibus,
539 3437 607 3499 quaa
636 3413 796 3480 sorbenda
828 3430 926 3493 crant,
959 3415 1054 3498 aquis,
1081 3439 1144 3482 orsa
1177 3420 1260 3487 illius

167 3517 291 3582 fucrant
314 3517 468 3603 margines
493 3513 654 3579 denudati.
705 3513 851 3597 Dumque
873 3514 917 3578 ibi
941 3515 1023 3580 inter
1036 3523 1086 3581 tot
1099 3520 1260 3604 angumias

170 3617 291 3694 anxius,
307 3617 361 3681 vix
376 3617 417 3681 ob
431 3622 550 3680 metum
563 3613 719 3698 palpitans
740 3613 897 3691 resideret,
921 3613 1111 3701 dilatamque
1132 3619 1174 3683 ad
1194 3643 1261 3686 mo·

171 3717 275 3781 dicum
301 3723 433 3781 mortem
463 3713 662 3779 nihilominus
686 3713 851 3800 opperiret,
877 3715 1028 3800 conspicit
1056 3740 1128 3782 ecce
1156 3719 1259 3788 subito

171 3817 257 3899 qnasi
278 3839 407 3902 magnos
428 3836 579 3899 aquarum
601 3819 723 3879 montes
740 3813 779 3879 de
793 3813 946 3900 profundo
963 3815 1088 3896 resilire,
1104 3841 1259 3906 navesque

170 3940 240 4000 quae
255 3916 408 4000 absorptae
422 3916 555 3992 fuerant,
570 3913 687 4000 primas
702 3936 867 4000 emergere.
913 3914 1053 4000 Oumque
1067 3940 1130 3983 nna
1144 3942 1185 3986 ex
1199 3921 1260 3989 illis

170 4016 198 4079 ei
222 4017 367 4101 contigua
380 4013 479 4090 fieret,
494 4016 619 4080 adeam
635 4036 668 4080 se
682 4014 753 4079 nisu
765 4037 825 4099 quo
840 4014 941 4100 potuit
954 4017 1176 4102 apprehendit:
1201 4044 1259 4089 nae

169 4139 267 4192 mora,
295 4115 387 4181 celeri
415 4115 521 4181 volatu
550 4138 645 4201 prope
675 4113 751 4180 litus
781 4115 941 4194 advectus,
969 4118 1144 4185 metuenda
1173 4122 1258 4191 necis

169 4239 258 4282 casus
287 4216 395 4295 evasit,
427 4215 542 4302 proprii
573 4215 772 4300 postmodum
805 4216 932 4301 periculi
964 4217 1079 4284 relator
1110 4220 1257 4289 existens.

171 4318 320 4382 Nostrum
335 4340 465 4402 quoquc,
483 4315 516 4380 id
532 4322 590 4392 est,
607 4315 806 4381 Adriaticum
827 4339 922 4395 mare,
946 4317 1029 4401 quod
1051 4318 1124 4385 lieet
1145 4322 1256 4402 minus,

168 4417 309 4483 similiter
323 4425 427 4483 mmen
444 4416 650 4482 venetiarum
673 4415 864 4502 Histriaque
878 4417 970 4483 litora
986 4419 1140 4504 pervadit,
1159 4423 1256 4489 credi-

167 4517 230 4582 bile
254 4526 301 4583 est
322 4541 434 4603 parvos
454 4515 631 4603 hujusmodi
652 4516 848 4601 occultosque
869 4517 983 4584 habere
999 4528 1130 4600 meatus,
1146 4524 1258 4607 quibus

169 4624 201 4683 et
235 4618 414 4683 recedentes
444 4640 531 4702 aqna
561 4616 752 4694 sorbeantur,
781 4624 813 4682 et
838 4640 960 4684 rursum
988 4619 1139 4687 invasura
1165 4622 1257 4689 litora

222 4726 376 4785 emantur.
444 4717 506 4782 His
533 4717 639 4800 itaque
669 4717 849 4803 praelibatis,
878 4719 920 4784 ad
951 4729 1084 4807 eoeptam
1112 4723 1258 4788 narrandi

639 4982 779 5059 A
