2886 5378
572 860 863 917 Psonuoouuus.
1223 873 1266 918 ev

166 1029 280 1096 randos
303 1025 440 1091 militum
465 1025 585 1090 animos
610 1032 707 1100 ratus,
731 1047 865 1108 quonam
892 1024 924 1088 id
939 1026 1034 1090 modo
1049 1025 1264 1112 incorruptum

167 1133 259 1206 foret,
286 1148 392 1193 secum
417 1126 576 1212 agitabat:
604 1124 788 1189 “Tribunos
809 1133 841 1188 et
856 1126 1051 1191 centuriones
1065 1126 1139 1190 lata
1153 1129 1265 1213 saepius

166 1254 260 1316 quam
275 1234 436 1312 comperta
450 1225 593 1290 nuntiare
607 1251 615 1300 ;
641 1224 823 1290 libertorum
839 1227 963 1291 servilia
985 1227 1130 1312 ingenia;
1155 1229 1265 1294 amicis

168 1333 268 1396 inesse
284 1329 515 1394 adulationem:
541 1327 566 1391 si
582 1325 688 1390 concio
703 1335 844 1402 vocetur,
859 1325 922 1390 illic
939 1350 1070 1412 qnoque,
1090 1350 1158 1414 quae
1174 1330 1264 1415 pauci

170 1430 328 1516 incipiant,
347 1428 479 1512 reliquos
494 1427 691 1511 adstrepere:
717 1427 840 1510 penitus
855 1428 1026 1493 noscendas
1049 1437 1178 1506 mentes,
1195 1453 1266 1494 cum

171 1531 282 1597 secreti
306 1536 337 1593 et
363 1527 553 1606 incustoditi,
577 1528 659 1591 inter
684 1526 833 1591 militares
859 1527 954 1606 cibos,
976 1551 1063 1614 spem
1078 1537 1132 1594 aut
1148 1538 1268 1595 metum

175 1628 378 1718 proferrent.”

217 1730 321 1796 XIII.
347 1729 447 1793 Nocte
485 1737 595 1815 coepta,
639 1750 779 1814 egressus
808 1728 960 1812 augurali,
996 1750 1051 1812 per
1082 1730 1206 1794 occulta
1237 1740 1268 1796 et

173 1832 317 1918 vigilibus
341 1830 458 1915 ignara,
481 1830 594 1894 comite
618 1852 689 1908 uno,
713 1837 874 1893 contectus
896 1831 1042 1893 humeros
1063 1830 1162 1895 ferina
1178 1832 1268 1916 pelle,

173 1934 240 1998 adit
255 1942 428 1996 castrorum
443 1929 518 2008 viae,
535 1929 659 1994 adsistit
677 1929 895 2008 tabernaculis,
913 1929 1086 2013 fruiturque
1103 1931 1188 1995 fama
1200 1933 1266 1997 sui:

174 2055 245 2097 cum
263 2033 314 2096 hic
332 2029 557 2095 “nobilitatem
576 2030 693 2110 ducis,''
714 2037 732 2066 “
744 2030 888 2094 decorem
898 2030 917 2056 ''
932 2029 1019 2108 alius,
1039 2031 1164 2116 plurimi
1184 2038 1202 2067 “
1216 2055 1270 2117 pa-

174 2134 327 2208 tientiam,
351 2131 541 2205 comitatem,
566 2154 620 2217 per
642 2130 731 2203 seria,
750 2153 805 2215 per
822 2132 911 2214 jocos
933 2130 1077 2194 eumdem
1100 2132 1270 2210 animum,”

176 2233 319 2298 laudibus
327 2231 444 2296 ferrent
455 2253 462 2292 ε
482 2238 502 2266 “
515 2230 766 2315 reddendamque
776 2231 911 2316 gratiam
924 2230 955 2293 in
966 2231 1053 2295 acie''
1071 2231 1262 2296 faterentur:

178 2335 269 2399 simul
285 2329 448 2419 “perfidos
463 2340 494 2395 et
507 2340 649 2418 ruptores
664 2331 756 2416 pacis,
771 2331 881 2395 ultioni
893 2339 924 2394 et
938 2331 1045 2416 gloriae
1057 2332 1272 2397 mactandos.”

179 2435 267 2498 lnter
281 2455 349 2518 quae
364 2454 444 2495 nnus
459 2432 594 2496 bostium
612 2431 733 2496 Latinae
750 2432 863 2517 linguae
885 2431 993 2506 sciens,
1009 2441 1079 2496 acto
1097 2433 1137 2496 ad
1154 2432 1270 2498 vallum

178 2557 266 2618 equo,
283 2556 358 2598 voce
381 2554 504 2617 magna,
524 2530 708 2618 “conjuges,
731 2541 762 2595 et
787 2554 888 2616 agros,
916 2540 948 2595 et
974 2532 1121 2617 stipendii
1143 2532 1174 2597 in
1191 2533 1268 2608 dies,

179 2635 276 2699 donec
303 2633 478 2710 bellaretur,
497 2633 656 2698 sestertios
683 2640 840 2706 centenos,
871 2632 895 2696 si
924 2633 992 2716 quis
1021 2633 1272 2719 transfugisset,''

181 2736 316 2799 Arminii
332 2732 455 2798 nomine
470 2734 642 2819 pollicetur.
696 2732 840 2796 Incendit
856 2755 893 2796 ea
910 2732 1099 2797 contumelia
1115 2734 1271 2819 legionum

179 2837 259 2900 iras:
301 2834 454 2898 “veniret
484 2833 559 2911 dies,
590 2833 717 2897 daretur
748 2855 869 2917 pugna:
910 2843 1107 2918 sumptumm
1140 2835 1270 2900 militem

181 2936 406 2999 Germanorum
432 2955 532 3019 agros,
561 2942 733 2998 tracturum
758 2932 923 3019 conjuges:
951 2935 1091 3019 accipere
1114 2957 1214 3012 omen,
1240 2944 1271 3000 et

180 3036 378 3101 matrimonia
404 3056 441 3097 ac
468 3034 614 3119 pecunias
638 3034 774 3097 hostium
793 3034 907 3118 praedae
932 3033 1119 3100 destinare.''
1163 3035 1270 3100 Tertia

181 3137 276 3200 ferme
299 3135 406 3220 vigilia
427 3134 619 3200 adsultatum
643 3144 690 3199 est
714 3135 832 3209 castris,
849 3134 914 3198 siue
937 3132 1079 3219 conjectu
1103 3137 1169 3212 teli,
1187 3145 1273 3222 post-

181 3260 273 3322 quam
301 3237 424 3300 crebras
451 3258 506 3320 pro
531 3235 731 3300 munimentis
758 3235 910 3311 cohortes,
936 3242 969 3298 et
1001 3236 1077 3300 nibil
1110 3237 1271 3302 remissum

184 3360 315 3402 sensere.

226 3437 326 3501 XIV.
351 3436 424 3500 Nox
447 3435 556 3499 eadem
581 3437 684 3500 laetam
710 3437 897 3501 Germanico
923 3437 1058 3520 quietem
1075 3437 1157 3513 tulit,
1176 3438 1270 3503 vidit·

182 3561 295 3624 quase
318 3545 489 3622 operatum,
520 3546 551 3599 et
577 3538 725 3622 sanguine
748 3559 834 3601 sacro
857 3559 995 3621 respersa
1017 3546 1180 3622 praetexta,
1206 3540 1272 3623 pul-

181 3639 332 3704 chriorem
359 3637 453 3702 aliam
479 3635 621 3701 manibus
646 3638 726 3701 aviae
743 3637 896 3722 Augustae
921 3638 1086 3723 accepisse.
1148 3638 1273 3706 Auctns

182 3740 294 3817 omine,
310 3736 527 3803 addicentibus
543 3738 697 3822 auspiciis,
716 3747 806 3801 vocat
829 3738 1016 3814 concionem,
1044 3751 1076 3802 et
1100 3762 1167 3823 quae
1193 3741 1273 3825 sapi-

183 3841 267 3905 entia
294 3839 431 3925 praevisa,
451 3851 587 3923 aptaque
617 3837 790 3902 imminenti
820 3861 941 3924 pugnae,
976 3839 1108 3905 disserit.
1167 3840 1272 3911 “Non

183 3963 308 4026 compos
326 3940 419 4003 modo
448 3939 538 4002 militi
555 3938 696 4002 Romano
719 3938 760 4002 ad
777 3938 918 4023 proelium
945 3939 1050 4015 bonos,
1066 3941 1121 4004 sed
1144 3941 1169 4004 si
1192 3942 1272 4006 ratio

184 4040 277 4117 adsit,
305 4041 400 4106 silvas
415 4046 447 4103 et
470 4040 586 4103 saltus:
613 4062 670 4102 nec
686 4039 768 4102 enim
790 4039 940 4104 immensa
956 4039 1158 4104 barbarorum
1173 4051 1271 4118 scuta,

183 4164 322 4206 enormes
346 4143 463 4218 hastas,
482 4141 563 4203 inter
588 4149 714 4203 truncos
740 4140 894 4215 arborum,
918 4147 950 4203 et
973 4149 1066 4203 enata
1091 4141 1186 4205 burno
1211 4143 1271 4207 vir-

181 4243 280 4328 gulta,
317 4241 444 4327 perinde
481 4241 587 4304 haberi
618 4262 711 4324 quam
744 4239 815 4324 pila,
843 4247 875 4304 et
903 4240 1032 4324 gladios,
1062 4249 1095 4305 et
1124 4241 1273 4308 haerentia

182 4343 301 4428 corpori
324 4341 481 4427 tegmina:
507 4339 672 4405 densarcnl
687 4340 777 4417 ictus,
794 4364 848 4404 ora
863 4340 1060 4405 mucronibus
1078 4354 1269 4426 quaererent:

182 4466 242 4509 non
268 4443 395 4508 loricam
412 4442 581 4515 Germano,
605 4464 665 4504 non
690 4440 831 4525 galeam,
861 4464 899 4504 ne
924 4450 1013 4506 scuta
1040 4443 1165 4526 quidem
1192 4444 1272 4510 forro

181 4567 315 4609 nervove
344 4541 477 4616 firmata,
494 4541 548 4606 sed
574 4541 724 4607 viminum
752 4550 868 4618 textus,
887 4541 934 4604 vel
960 4550 1070 4607 tenues
1095 4553 1126 4608 et
1152 4544 1272 4611 fucatas

181 4646 282 4710 colore
304 4643 447 4708 tabulas:
473 4643 604 4728 primam
631 4652 799 4726 utcumque
823 4642 922 4706 aciem
949 4642 1123 4717 hastatam;
1149 4647 1270 4720 ceteris,

179 4752 314 4832 praeusta
335 4753 390 4808 aut
413 4743 519 4807 brevia
541 4744 621 4808 tela:
644 4741 713 4830 jam
736 4766 856 4826 corpus,
875 4751 910 4807 ut
933 4742 1000 4807 visu
1023 4751 1156 4820 torvum,
1173 4752 1204 4808 et
1229 4745 1271 4809 ad

179 4848 305 4912 brevem
320 4846 470 4930 impetum
489 4844 636 4921 validum,
653 4845 696 4909 sic
719 4843 804 4907 nulla
821 4843 980 4908 vulnerum
1008 4845 1179 4927 patientia:
1204 4846 1270 4911 sine
