2886 5378
595 787 887 843 ruouuoounm.
1235 774 1293 844 cix

196 946 282 1012 dire:
308 949 457 1033 milesque
475 951 617 1035 pavidus,
634 959 666 1014 et
681 973 809 1014 casuum
831 949 926 1012 maris
942 947 1077 1033 ignarus,
1095 946 1168 1009 dum
1185 946 1292 1010 turbat

194 1057 318 1125 nautas,
335 1050 384 1113 rel
408 1051 625 1135 intempestive
641 1048 744 1136 juvat,
769 1047 870 1113 officia
892 1048 1092 1133 prudentium
1114 1069 1292 1131 corrumpe·

196 1148 269 1212 bat:
299 1173 389 1213 omne
415 1151 526 1214 dehinc
549 1151 668 1223 eoelum,
696 1157 728 1214 et
750 1173 835 1214 mare
856 1173 946 1213 omne
971 1149 1002 1212 iu
1025 1155 1165 1213 austrum
1188 1147 1291 1221 cessit,

197 1249 248 1330 qui
275 1250 403 1314 tumidis
432 1251 607 1316 Germaniae
635 1252 734 1326 terris,
761 1250 922 1336 profundis
952 1249 1106 1324 amnibus,
1142 1248 1292 1311 immenso

197 1349 323 1413 nubium
351 1360 454 1414 tractu
481 1351 611 1430 validus,
635 1359 667 1415 et
694 1352 794 1436 rigore
818 1350 910 1415 vicini
938 1347 1168 1434 septemtrionis
1193 1347 1292 1411 horri-

199 1447 274 1524 dior,
300 1451 405 1534 rapuit
429 1449 613 1536 disjecitquc
636 1474 731 1516 naves
753 1452 785 1514 in
807 1458 917 1536 aperta
943 1450 1071 1527 Oceani,
1097 1457 1153 1512 aut
1180 1448 1293 1513 insulas

199 1549 283 1614 saxis
304 1551 456 1635 abruptis,
480 1552 529 1615 vel
552 1575 606 1638 per
631 1552 754 1615 occulta
777 1551 858 1614 vada
881 1550 1017 1614 infestas.
1064 1549 1184 1630 Quibus
1206 1549 1293 1633 paul-

198 1647 262 1713 lum
291 1673 433 1735 aegreque
464 1651 582 1728 vitatis,
613 1660 779 1737 postquam
810 1651 954 1715 mutabat
984 1658 1089 1724 aestus,
1121 1649 1292 1735 eodemque

196 1772 257 1833 quo
280 1759 393 1815 ventus
418 1751 557 1823 ferebat:
588 1776 649 1816 uon
675 1751 832 1815 adhaerere
859 1750 1011 1824 anchoris
1039 1773 1102 1814 non
1128 1749 1292 1814 exhaurire

198 1849 410 1936 inrumpentes
435 1852 535 1916 undas
556 1861 721 1938 poterant:
753 1852 832 1936 equi,
853 1849 1009 1936 jumenta,
1034 1851 1171 1927 sarcinae,
1195 1850 1291 1914 etiam

196 1972 284 2014 arma
302 1952 545 2036 praecipitantur,
564 1976 625 2038 quo
643 1954 821 2018 levarentur
838 1951 917 2016 alvei
932 1960 1096 2016 manantes
1111 1974 1166 2036 per
1181 1951 1289 2029 latera,

195 2057 228 2114 et
243 2048 341 2116 fluctu
356 2064 588 2138 superurgeute.

240 2151 380 2218 XXIV.
407 2153 533 2234 Quanto
559 2154 723 2220 violentior
744 2162 846 2218 cetero
872 2154 951 2218 mari
982 2153 1133 2231 Oceanus,
1164 2160 1196 2216 et
1226 2160 1290 2217 tru-

195 2251 329 2316 culentia
355 2253 421 2316 eoeli
445 2262 573 2338 praestat
596 2255 776 2326 Germania,
793 2262 917 2318 tautum
939 2253 993 2317 illa
1021 2253 1126 2317 clades
1149 2253 1289 2317 novitate

199 2359 231 2415 ct
256 2353 472 2437 magnitudine
495 2355 637 2432 excessit,
662 2355 825 2420 hostilibus
848 2354 964 2417 circum
989 2353 1141 2428 litoribus,
1167 2362 1221 2416 aut
1244 2353 1290 2419 ita

198 2461 286 2517 vasto
317 2464 349 2518 et
380 2454 541 2538 profundo,
574 2463 609 2519 ut
639 2455 785 2519 credatur
814 2454 1015 2518 novissimum
1041 2476 1078 2517 ae
1105 2454 1170 2517 siue
1198 2453 1289 2521 terris

196 2574 297 2616 mare:
318 2576 390 2639 pars
404 2555 531 2619 navium
548 2557 668 2619 haustae
684 2563 778 2627 sunt:
803 2555 918 2639 plures,
934 2553 1019 2639 apud
1033 2553 1150 2618 insulas
1167 2554 1288 2638 lougius

195 2653 272 2718 sitas
294 2651 422 2739 ejeetae:
447 2655 597 2738 milesque
619 2656 705 2720 nullo
731 2654 793 2719 illic
816 2654 974 2718 hominum
997 2655 1094 2729 cultu,
1123 2653 1205 2718 fame
1232 2655 1287 2720 ab·

195 2762 346 2839 sumptus,
379 2754 438 2819 nisi
465 2777 540 2838 quos
566 2778 694 2840 corpora
724 2778 871 2839 equorum
898 2754 1008 2819 eodem
1036 2753 1112 2819 elisa
1135 2754 1287 2820 tolerave-

194 2861 274 2917 rant.
327 2854 400 2918 Sola
424 2855 600 2920 Germanici
623 2857 759 2921 triremis
782 2855 977 2920 Chaucorum
999 2862 1114 2919 terram
1142 2854 1284 2940 adpulit:

196 2976 287 3036 quem
311 2977 365 3038 per
383 2978 490 3020 omnes
509 2956 578 3020 illos
603 2957 670 3022 dies
687 2965 862 3039 noctesque,
888 2955 972 3041 apud
998 2956 1140 3040 scopulos
1160 2963 1192 3019 et
1213 2979 1285 3041 pro·

195 3055 349 3119 minentes
364 3079 442 3130 oras,
470 3079 540 3120 cum
568 3065 587 3091 ‘⁶
604 3081 637 3122 se
664 3057 746 3121 tanti
764 3057 853 3120 exitii
877 3053 995 3120 reum''
1022 3055 1206 3132 clamitaret,
1229 3056 1284 3121 rix

195 3153 359 3218 cohibuere
381 3155 482 3232 amici,
507 3157 670 3240 quominus
692 3158 801 3221 eodem
825 3157 904 3220 mari
921 3163 1092 3241 oppeteret.
1145 3156 1285 3220 Tandem

194 3254 353 3319 relabente
382 3264 469 3331 aestu,
502 3265 534 3320 et
567 3257 758 3321 secundante
789 3265 894 3330 vento,
927 3257 1045 3320 claudae
1078 3279 1183 3332 naves,
1216 3280 1285 3321 raro

196 3354 334 3439 remigio,
365 3365 419 3419 aut
452 3356 580 3422 intentis
615 3358 761 3434 vestibus,
793 3365 825 3421 et
856 3355 998 3440 quaedam
1032 3379 1052 3419 a
1086 3356 1286 3425 validioribus

195 3461 313 3532 tractae,
330 3465 502 3520 revertere:
527 3479 603 3540 quas
620 3458 733 3542 raptim
756 3458 888 3520 relectas
902 3456 998 3532 misit,
1016 3464 1052 3519 ut
1075 3463 1287 3522 scrutarentur

193 3553 330 3619 insulas:
359 3556 480 3620 collecti
502 3580 539 3621 ea
563 3580 637 3621 eura
656 3557 815 3642 plerique:
844 3557 960 3620 multos
986 3555 1164 3640 Angrivarii
1186 3580 1285 3643 nuper

193 3652 224 3717 iu
240 3652 333 3718 fidem
351 3657 480 3743 accepti,
496 3656 674 3741 redemptos
690 3658 730 3722 ab
745 3656 943 3721 interioribus
958 3656 1140 3721 reddidere:
1157 3657 1283 3740 quidam

192 3753 223 3817 in
240 3754 436 3820 Britanniam
459 3757 551 3843 rapti,
568 3765 600 3820 et
614 3757 734 3822 remissi
748 3780 766 3820 a
782 3757 905 3842 regulis.
952 3756 1001 3822 Ut
1024 3757 1092 3840 quis
1107 3779 1146 3820 ex
1164 3758 1283 3842 longin-

191 3877 251 3937 quo
266 3865 438 3933 revenerat‚
465 3864 484 3892 “
503 3857 652 3921 miracula
664 3857 682 3884 '²
715 3858 895 3931 narrabant,
924 3862 945 3892 “
961 3857 1024 3921 rim
1052 3857 1221 3934 turbinum,
1249 3867 1281 3922 et

190 3954 347 4021 inauditas
375 3957 524 4033 volucres,
554 3968 694 4022 monstra
725 3957 829 4035 maris,
863 3956 1025 4042 ambiguas
1057 3957 1219 4022 hominum
1249 3966 1282 4023 et

190 4052 362 4120 belluarum
380 4057 497 4122 formas
511 4056 542 4120 :”
558 4059 633 4134 visa,
649 4058 714 4122 sive
733 4079 773 4121 ex
787 4067 874 4121 matu
889 4057 1018 4121 eredita.

232 4154 353 4220 XXV.
377 4156 441 4220 Sed
468 4157 552 4221 fama
576 4157 685 4223 classis
708 4158 837 4236 amissae,
856 4165 893 4221 ut
920 4157 1093 4223 Germanos
1120 4158 1161 4222 ad
1195 4182 1282 4244 spem

187 4254 270 4333 belli,
302 4257 347 4320 ita
378 4256 534 4322 (laesarem
567 4259 608 4322 ad
640 4258 843 4322 coercendum
875 4259 984 4324 erexit.
1037 4257 1073 4324 O.
1101 4258 1177 4323 Silio
1210 4282 1281 4323 cum

187 4354 318 4441 triginta
341 4357 493 4442 peditum,
514 4355 617 4422 tribus
636 4359 775 4441 equitum
798 4357 934 4423 millibus
960 4357 1004 4422 ire
1030 4359 1061 4422 in
1088 4357 1200 4425 Cattos
1225 4360 1281 4423 im-

190 4467 300 4539 perat:
326 4456 391 4541 ipse
414 4456 584 4543 majoribus
606 4459 703 4543 copiis
721 4459 844 4524 Marsos
866 4457 1035 4543 inrumpit:
1060 4481 1192 4542 quorum
1215 4461 1280 4525 dux

189 4554 399 4622 Malovendus
416 4580 515 4643 nuper
532 4558 564 4623 in
587 4557 779 4624 deditionem
799 4567 955 4643 aceeptus,
980 4559 1190 4645 “propinquo
1210 4561 1278 4625 luco

187 4655 342 4722 defossam
362 4657 508 4722 Variana
524 4658 653 4744 legionis
670 4659 806 4743 aquilam
823 4659 945 4723 modico
970 4659 1113 4745 praesidio
1137 4659 1281 4726 servari”

186 4756 315 4823 indicat.
369 4758 469 4824 Missa
490 4759 648 4844 extemplo
672 4782 792 4837 manus,
820 4782 889 4843 quae
916 4761 1037 4825 hostem
1065 4783 1085 4825 a
1107 4761 1207 4825 fronte
1227 4759 1280 4824 eli·
