<?xml version="1.0" encoding="UTF-8"?>
<!DOCTYPE html PUBLIC "-//W3C//DTD XHTML 1.0 Transitional//EN"
    "http://www.w3.org/TR/xhtml1/DTD/xhtml1-transitional.dtd">
<html xmlns="http://www.w3.org/1999/xhtml" xml:lang="en" lang="en">
 <head>
  <title>
</title>
<meta http-equiv="Content-Type" content="text/html;charset=utf-8" />
  <meta name='ocr-system' content='tesseract 3.04.00' />
  <meta name='ocr-capabilities' content='ocr_page ocr_carea ocr_par ocr_line ocrx_word'/>
</head>
<body>
  <div class='ocr_page' id='page_1' title='image "./germaniatacitus00lathgoog_0085.png"; bbox 0 0 2886 5378; ppageno 0'>
   <div class='ocr_carea' id='block_1_1' title="bbox 182 818 999 890">
    <p class='ocr_par' dir='ltr' id='par_1_1' title="bbox 182 818 999 890">
     <span class='ocr_line' id='line_1_1' title="bbox 182 818 999 890; baseline -0.017 -1"><span class='ocrx_word' id='word_1_1' title='bbox 182 818 253 890; x_wconf 67' lang='lat' dir='ltr'>lxx-i</span> <span class='ocrx_word' id='word_1_2' title='bbox 453 827 530 882; x_wconf 83' lang='lat' dir='ltr'>rna</span> <span class='ocrx_word' id='word_1_3' title='bbox 552 823 734 880; x_wconf 75' lang='lat' dir='ltr'>sarusar</span> <span class='ocrx_word' id='word_1_4' title='bbox 760 823 809 879; x_wconf 81' lang='lat' dir='ltr'>or</span> <span class='ocrx_word' id='word_1_5' title='bbox 833 822 999 881; x_wconf 78' lang='lat' dir='ltr'>uncinus</span> 
     </span>
    </p>
   </div>
   <div class='ocr_carea' id='block_1_2' title="bbox 183 982 1307 4280">
    <p class='ocr_par' dir='ltr' id='par_1_2' title="bbox 183 982 1292 2777">
     <span class='ocr_line' id='line_1_2' title="bbox 183 982 1275 1079; baseline -0.011 -22"><span class='ocrx_word' id='word_1_6' title='bbox 183 1015 278 1079; x_wconf 68' lang='lat' dir='ltr'>«lucrm</span> <span class='ocrx_word' id='word_1_7' title='bbox 304 990 347 1064; x_wconf 79' lang='lat' dir='ltr'>il,</span> <span class='ocrx_word' id='word_1_8' title='bbox 366 986 448 1071; x_wconf 85' lang='lat' dir='ltr'>quod</span> <span class='ocrx_word' id='word_1_9' title='bbox 470 994 565 1050; x_wconf 87' lang='lat' dir='ltr'>antea</span> <span class='ocrx_word' id='word_1_10' title='bbox 591 985 712 1070; x_wconf 88' lang='lat' dir='ltr'>petenti</span> <span class='ocrx_word' id='word_1_11' title='bbox 737 983 931 1068; x_wconf 80' lang='lat' dir='ltr'>denegasset,</span> <span class='ocrx_word' id='word_1_12' title='bbox 956 983 1038 1048; x_wconf 92' lang='lat' dir='ltr'>ultro</span> <span class='ocrx_word' id='word_1_13' title='bbox 1064 982 1275 1069; x_wconf 84' lang='lat' dir='ltr'>polliceretur;</span> 
     </span>
     <span class='ocr_line' id='line_1_3' title="bbox 185 1082 1279 1178; baseline -0.012 -20"><span class='ocrx_word' id='word_1_14' title='bbox 185 1112 391 1178; x_wconf 74' lang='lat' dir='ltr'>turreguamque</span> <span class='ocrx_word' id='word_1_15' title='bbox 423 1088 455 1151; x_wconf 93' lang='lat' dir='ltr'>in</span> <span class='ocrx_word' id='word_1_16' title='bbox 486 1108 573 1173; x_wconf 91' lang='lat' dir='ltr'>spem</span> <span class='ocrx_word' id='word_1_17' title='bbox 604 1084 761 1159; x_wconf 86' lang='lat' dir='ltr'>veniebat,</span> <span class='ocrx_word' id='word_1_18' title='bbox 789 1107 846 1169; x_wconf 90' lang='lat' dir='ltr'>pro</span> <span class='ocrx_word' id='word_1_19' title='bbox 883 1084 947 1149; x_wconf 89' lang='lat' dir='ltr'>suis</span> <span class='ocrx_word' id='word_1_20' title='bbox 986 1084 1085 1149; x_wconf 88' lang='lat' dir='ltr'>tantis</span> <span class='ocrx_word' id='word_1_21' title='bbox 1114 1082 1279 1170; x_wconf 85' lang='lat' dir='ltr'><strong>populique</strong></span> 
     </span>
     <span class='ocr_line' id='line_1_4' title="bbox 186 1183 1280 1270; baseline -0.01 -13"><span class='ocrx_word' id='word_1_22' title='bbox 186 1191 320 1258; x_wconf 85' lang='lat' dir='ltr'>Romani</span> <span class='ocrx_word' id='word_1_23' title='bbox 345 1189 378 1252; x_wconf 92' lang='lat' dir='ltr'>in</span> <span class='ocrx_word' id='word_1_24' title='bbox 404 1211 474 1252; x_wconf 90' lang='lat' dir='ltr'>eum</span> <span class='ocrx_word' id='word_1_25' title='bbox 501 1183 667 1263; x_wconf 90' lang='lat' dir='ltr'>beneficiis,</span> <span class='ocrx_word' id='word_1_26' title='bbox 685 1184 817 1270; x_wconf 89' lang='lat' dir='ltr'>cognitis</span> <span class='ocrx_word' id='word_1_27' title='bbox 843 1184 907 1249; x_wconf 89' lang='lat' dir='ltr'>suis</span> <span class='ocrx_word' id='word_1_28' title='bbox 932 1185 1108 1269; x_wconf 88' lang='lat' dir='ltr'>postulatis,</span> <span class='ocrx_word' id='word_1_29' title='bbox 1135 1184 1210 1262; x_wconf 79' lang='lat' dir='ltr'>lore,</span> <span class='ocrx_word' id='word_1_30' title='bbox 1233 1183 1280 1246; x_wconf 90' lang='lat' dir='ltr'>uti</span> 
     </span>
     <span class='ocr_line' id='line_1_5' title="bbox 187 1279 1283 1379; baseline -0.008 -23"><span class='ocrx_word' id='word_1_31' title='bbox 187 1290 356 1379; x_wconf 80' lang='lat' dir='ltr'>pertinacia</span> <span class='ocrx_word' id='word_1_32' title='bbox 383 1288 557 1352; x_wconf 79' lang='lat' dir='ltr'>desisteret.</span> <span class='ocrx_word' id='word_1_33' title='bbox 602 1285 681 1350; x_wconf 86' lang='lat' dir='ltr'>Dies</span> <span class='ocrx_word' id='word_1_34' title='bbox 704 1284 856 1368; x_wconf 92' lang='lat' dir='ltr'>colloquio</span> <span class='ocrx_word' id='word_1_35' title='bbox 883 1284 985 1350; x_wconf 88' lang='lat' dir='ltr'>dictus</span> <span class='ocrx_word' id='word_1_36' title='bbox 1010 1293 1068 1363; x_wconf 90' lang='lat' dir='ltr'>est,</span> <span class='ocrx_word' id='word_1_37' title='bbox 1097 1308 1136 1350; x_wconf 87' lang='lat' dir='ltr'>ex</span> <span class='ocrx_word' id='word_1_38' title='bbox 1164 1309 1201 1350; x_wconf 91' lang='lat' dir='ltr'>eo</span> <span class='ocrx_word' id='word_1_39' title='bbox 1230 1279 1283 1350; x_wconf 88' lang='lat' dir='ltr'>die</span> 
     </span>
     <span class='ocr_line' id='line_1_6' title="bbox 189 1384 1284 1478; baseline -0.006 -22"><span class='ocrx_word' id='word_1_40' title='bbox 189 1393 324 1478; x_wconf 92' lang='lat' dir='ltr'>quintus.</span> <span class='ocrx_word' id='word_1_41' title='bbox 371 1388 501 1452; x_wconf 85' lang='lat' dir='ltr'>Interim</span> <span class='ocrx_word' id='word_1_42' title='bbox 523 1410 619 1472; x_wconf 91' lang='lat' dir='ltr'>quum</span> <span class='ocrx_word' id='word_1_43' title='bbox 641 1409 721 1471; x_wconf 82' lang='lat' dir='ltr'>saepe</span> <span class='ocrx_word' id='word_1_44' title='bbox 745 1384 828 1450; x_wconf 89' lang='lat' dir='ltr'>ultro</span> <span class='ocrx_word' id='word_1_45' title='bbox 850 1384 989 1471; x_wconf 90' lang='lat' dir='ltr'>citroque</span> <span class='ocrx_word' id='word_1_46' title='bbox 1014 1386 1109 1471; x_wconf 90' lang='lat' dir='ltr'>legati</span> <span class='ocrx_word' id='word_1_47' title='bbox 1132 1387 1284 1450; x_wconf 86' lang='lat' dir='ltr'>intereos</span> 
     </span>
     <span class='ocr_line' id='line_1_7' title="bbox 189 1485 1284 1572; baseline -0.008 -15"><span class='ocrx_word' id='word_1_48' title='bbox 189 1493 398 1566; x_wconf 85' lang='lat' dir='ltr'>mitterentur,</span> <span class='ocrx_word' id='word_1_49' title='bbox 414 1488 594 1554; x_wconf 84' lang='lat' dir='ltr'>Ariovistus</span> <span class='ocrx_word' id='word_1_50' title='bbox 618 1485 797 1572; x_wconf 90' lang='lat' dir='ltr'>postulavit,</span> <span class='ocrx_word' id='word_1_51' title='bbox 815 1509 855 1550; x_wconf 89' lang='lat' dir='ltr'>ne</span> <span class='ocrx_word' id='word_1_52' title='bbox 878 1510 970 1570; x_wconf 90' lang='lat' dir='ltr'>quem</span> <span class='ocrx_word' id='word_1_53' title='bbox 991 1487 1129 1571; x_wconf 88' lang='lat' dir='ltr'>peditem</span> <span class='ocrx_word' id='word_1_54' title='bbox 1154 1486 1196 1551; x_wconf 82' lang='lat' dir='ltr'>od</span> <span class='ocrx_word' id='word_1_55' title='bbox 1222 1485 1284 1549; x_wconf 90' lang='lat' dir='ltr'>col-</span> 
     </span>
     <span class='ocr_line' id='line_1_8' title="bbox 190 1586 1286 1676; baseline -0.006 -19"><span class='ocrx_word' id='word_1_56' title='bbox 190 1591 328 1676; x_wconf 91' lang='lat' dir='ltr'>loquium</span> <span class='ocrx_word' id='word_1_57' title='bbox 355 1589 460 1654; x_wconf 77' lang='lat' dir='ltr'>Cacsar</span> <span class='ocrx_word' id='word_1_58' title='bbox 484 1587 675 1652; x_wconf 88' lang='lat' dir='ltr'>adduceret:</span> <span class='ocrx_word' id='word_1_59' title='bbox 701 1587 798 1651; x_wconf 88' lang='lat' dir='ltr'>vereri</span> <span class='ocrx_word' id='word_1_60' title='bbox 827 1609 870 1664; x_wconf 91' lang='lat' dir='ltr'>se,</span> <span class='ocrx_word' id='word_1_61' title='bbox 894 1610 932 1652; x_wconf 91' lang='lat' dir='ltr'>ne</span> <span class='ocrx_word' id='word_1_62' title='bbox 950 1610 1005 1673; x_wconf 90' lang='lat' dir='ltr'>per</span> <span class='ocrx_word' id='word_1_63' title='bbox 1028 1587 1157 1651; x_wconf 84' lang='lat' dir='ltr'>insidias</span> <span class='ocrx_word' id='word_1_64' title='bbox 1182 1586 1223 1651; x_wconf 88' lang='lat' dir='ltr'>ab</span> <span class='ocrx_word' id='word_1_65' title='bbox 1248 1609 1286 1650; x_wconf 91' lang='lat' dir='ltr'>eo</span> 
     </span>
     <span class='ocr_line' id='line_1_9' title="bbox 192 1687 1286 1772; baseline -0.007 -15"><span class='ocrx_word' id='word_1_66' title='bbox 192 1689 489 1757; x_wconf 86' lang='lat' dir='ltr'>circumveniretur:</span> <span class='ocrx_word' id='word_1_67' title='bbox 518 1697 647 1772; x_wconf 91' lang='lat' dir='ltr'>uterque</span> <span class='ocrx_word' id='word_1_68' title='bbox 662 1710 734 1751; x_wconf 90' lang='lat' dir='ltr'>cum</span> <span class='ocrx_word' id='word_1_69' title='bbox 760 1687 900 1771; x_wconf 87' lang='lat' dir='ltr'>equitatu</span> <span class='ocrx_word' id='word_1_70' title='bbox 922 1688 1064 1760; x_wconf 77' lang='lat' dir='ltr'>veniret3</span> <span class='ocrx_word' id='word_1_71' title='bbox 1089 1687 1152 1752; x_wconf 88' lang='lat' dir='ltr'>alia</span> <span class='ocrx_word' id='word_1_72' title='bbox 1165 1687 1286 1751; x_wconf 87' lang='lat' dir='ltr'>ratione</span> 
     </span>
     <span class='ocr_line' id='line_1_10' title="bbox 193 1787 1286 1873; baseline -0.006 -16"><span class='ocrx_word' id='word_1_73' title='bbox 193 1817 225 1857; x_wconf 89' lang='lat' dir='ltr'>se</span> <span class='ocrx_word' id='word_1_74' title='bbox 241 1814 302 1855; x_wconf 92' lang='lat' dir='ltr'>non</span> <span class='ocrx_word' id='word_1_75' title='bbox 318 1813 384 1854; x_wconf 90' lang='lat' dir='ltr'>esse</span> <span class='ocrx_word' id='word_1_76' title='bbox 400 1798 576 1854; x_wconf 87' lang='lat' dir='ltr'>venturum.</span> <span class='ocrx_word' id='word_1_77' title='bbox 630 1788 743 1864; x_wconf 69' lang='lat' dir='ltr'>(iasar,</span> <span class='ocrx_word' id='word_1_78' title='bbox 762 1787 845 1872; x_wconf 92' lang='lat' dir='ltr'>quod</span> <span class='ocrx_word' id='word_1_79' title='bbox 862 1810 961 1873; x_wconf 91' lang='lat' dir='ltr'>neque</span> <span class='ocrx_word' id='word_1_80' title='bbox 983 1788 1168 1872; x_wconf 85' lang='lat' dir='ltr'>colloquium</span> <span class='ocrx_word' id='word_1_81' title='bbox 1191 1787 1286 1851; x_wconf 89' lang='lat' dir='ltr'>iuter-</span> 
     </span>
     <span class='ocr_line' id='line_1_11' title="bbox 194 1887 1288 1979; baseline -0.005 -24"><span class='ocrx_word' id='word_1_82' title='bbox 194 1893 297 1979; x_wconf 90' lang='lat' dir='ltr'>posita</span> <span class='ocrx_word' id='word_1_83' title='bbox 322 1912 431 1955; x_wconf 81' lang='lat' dir='ltr'>caussa</span> <span class='ocrx_word' id='word_1_84' title='bbox 461 1889 529 1953; x_wconf 93' lang='lat' dir='ltr'>tolli</span> <span class='ocrx_word' id='word_1_85' title='bbox 555 1889 692 1964; x_wconf 91' lang='lat' dir='ltr'>volebat,</span> <span class='ocrx_word' id='word_1_86' title='bbox 719 1910 818 1972; x_wconf 89' lang='lat' dir='ltr'>neque</span> <span class='ocrx_word' id='word_1_87' title='bbox 844 1887 977 1954; x_wconf 86' lang='lat' dir='ltr'>salutem</span> <span class='ocrx_word' id='word_1_88' title='bbox 1006 1910 1095 1953; x_wconf 91' lang='lat' dir='ltr'>suam</span> <span class='ocrx_word' id='word_1_89' title='bbox 1127 1887 1288 1953; x_wconf 78' lang='lat' dir='ltr'>Gallorum</span> 
     </span>
     <span class='ocr_line' id='line_1_12' title="bbox 196 1987 1287 2077; baseline -0.005 -20"><span class='ocrx_word' id='word_1_90' title='bbox 196 1991 347 2077; x_wconf 86' lang='lat' dir='ltr'>equitatui</span> <span class='ocrx_word' id='word_1_91' title='bbox 378 1990 573 2054; x_wconf 87' lang='lat' dir='ltr'>committere</span> <span class='ocrx_word' id='word_1_92' title='bbox 599 1990 746 2067; x_wconf 85' lang='lat' dir='ltr'>audebat,</span> <span class='ocrx_word' id='word_1_93' title='bbox 769 1989 1052 2055; x_wconf 89' lang='lat' dir='ltr'>commodissimum</span> <span class='ocrx_word' id='word_1_94' title='bbox 1078 2012 1144 2055; x_wconf 92' lang='lat' dir='ltr'>esse</span> <span class='ocrx_word' id='word_1_95' title='bbox 1165 1987 1287 2064; x_wconf 87' lang='lat' dir='ltr'>statuit,</span> 
     </span>
     <span class='ocr_line' id='line_1_13' title="bbox 196 2088 1289 2176; baseline -0.005 -19"><span class='ocrx_word' id='word_1_96' title='bbox 196 2092 340 2157; x_wconf 90' lang='lat' dir='ltr'>omnibus</span> <span class='ocrx_word' id='word_1_97' title='bbox 355 2091 441 2174; x_wconf 90' lang='lat' dir='ltr'>equis</span> <span class='ocrx_word' id='word_1_98' title='bbox 457 2090 555 2155; x_wconf 81' lang='lat' dir='ltr'>Gallis</span> <span class='ocrx_word' id='word_1_99' title='bbox 571 2089 726 2173; x_wconf 92' lang='lat' dir='ltr'>equitibus</span> <span class='ocrx_word' id='word_1_100' title='bbox 741 2088 900 2164; x_wconf 86' lang='lat' dir='ltr'>detractis,</span> <span class='ocrx_word' id='word_1_101' title='bbox 916 2114 953 2154; x_wconf 92' lang='lat' dir='ltr'>eo</span> <span class='ocrx_word' id='word_1_102' title='bbox 979 2090 1161 2176; x_wconf 87' lang='lat' dir='ltr'>legionarios</span> <span class='ocrx_word' id='word_1_103' title='bbox 1175 2088 1289 2154; x_wconf 87' lang='lat' dir='ltr'>milites</span> 
     </span>
     <span class='ocr_line' id='line_1_14' title="bbox 197 2188 1289 2279; baseline -0.005 -22"><span class='ocrx_word' id='word_1_104' title='bbox 197 2192 327 2279; x_wconf 83' lang='lat' dir='ltr'>legionis</span> <span class='ocrx_word' id='word_1_105' title='bbox 350 2191 487 2269; x_wconf 80' lang='lat' dir='ltr'>decimae,</span> <span class='ocrx_word' id='word_1_106' title='bbox 505 2191 555 2255; x_wconf 90' lang='lat' dir='ltr'>cui</span> <span class='ocrx_word' id='word_1_107' title='bbox 577 2212 670 2273; x_wconf 89' lang='lat' dir='ltr'>quam</span> <span class='ocrx_word' id='word_1_108' title='bbox 692 2189 827 2253; x_wconf 81' lang='lat' dir='ltr'>maxime</span> <span class='ocrx_word' id='word_1_109' title='bbox 854 2188 1039 2267; x_wconf 89' lang='lat' dir='ltr'>confidebat,</span> <span class='ocrx_word' id='word_1_110' title='bbox 1062 2191 1229 2277; x_wconf 86' lang='lat' dir='ltr'>imponere,</span> <span class='ocrx_word' id='word_1_111' title='bbox 1253 2196 1289 2252; x_wconf 94' lang='lat' dir='ltr'>ut</span> 
     </span>
     <span class='ocr_line' id='line_1_15' title="bbox 198 2289 1287 2380; baseline -0.006 -21"><span class='ocrx_word' id='word_1_112' title='bbox 198 2292 376 2380; x_wconf 71' lang='lat' dir='ltr'>praesidium</span> <span class='ocrx_word' id='word_1_113' title='bbox 406 2315 500 2375; x_wconf 89' lang='lat' dir='ltr'>quam</span> <span class='ocrx_word' id='word_1_114' title='bbox 532 2290 761 2368; x_wconf 88' lang='lat' dir='ltr'>amicissimum,</span> <span class='ocrx_word' id='word_1_115' title='bbox 795 2289 821 2355; x_wconf 93' lang='lat' dir='ltr'>si</span> <span class='ocrx_word' id='word_1_116' title='bbox 861 2290 944 2373; x_wconf 88' lang='lat' dir='ltr'>quod</span> <span class='ocrx_word' id='word_1_117' title='bbox 973 2314 1051 2377; x_wconf 90' lang='lat' dir='ltr'>opus</span> <span class='ocrx_word' id='word_1_118' title='bbox 1079 2291 1163 2356; x_wconf 82' lang='lat' dir='ltr'>facto</span> <span class='ocrx_word' id='word_1_119' title='bbox 1197 2296 1287 2364; x_wconf 86' lang='lat' dir='ltr'>esset,</span> 
     </span>
     <span class='ocr_line' id='line_1_16' title="bbox 199 2388 1291 2477; baseline -0.005 -20"><span class='ocrx_word' id='word_1_120' title='bbox 199 2395 337 2459; x_wconf 87' lang='lat' dir='ltr'>baberet.</span> <span class='ocrx_word' id='word_1_121' title='bbox 385 2392 477 2473; x_wconf 78' lang='lat' dir='ltr'>Quod</span> <span class='ocrx_word' id='word_1_122' title='bbox 503 2414 598 2475; x_wconf 91' lang='lat' dir='ltr'>quum</span> <span class='ocrx_word' id='word_1_123' title='bbox 626 2388 724 2467; x_wconf 86' lang='lat' dir='ltr'>fieret,</span> <span class='ocrx_word' id='word_1_124' title='bbox 740 2413 803 2454; x_wconf 92' lang='lat' dir='ltr'>nou</span> <span class='ocrx_word' id='word_1_125' title='bbox 827 2389 983 2456; x_wconf 90' lang='lat' dir='ltr'>irridicule</span> <span class='ocrx_word' id='word_1_126' title='bbox 1005 2391 1131 2477; x_wconf 85' lang='lat' dir='ltr'>quidam</span> <span class='ocrx_word' id='word_1_127' title='bbox 1149 2413 1189 2455; x_wconf 84' lang='lat' dir='ltr'>ex</span> <span class='ocrx_word' id='word_1_128' title='bbox 1209 2388 1291 2456; x_wconf 93' lang='lat' dir='ltr'>mili-</span> 
     </span>
     <span class='ocr_line' id='line_1_17' title="bbox 202 2491 1290 2578; baseline -0.005 -20"><span class='ocrx_word' id='word_1_129' title='bbox 202 2496 286 2559; x_wconf 87' lang='lat' dir='ltr'>tibus</span> <span class='ocrx_word' id='word_1_130' title='bbox 312 2492 440 2556; x_wconf 85' lang='lat' dir='ltr'>decimae</span> <span class='ocrx_word' id='word_1_131' title='bbox 469 2493 598 2577; x_wconf 84' lang='lat' dir='ltr'>legionis</span> <span class='ocrx_word' id='word_1_132' title='bbox 620 2491 724 2555; x_wconf 81' lang='lat' dir='ltr'>dixit:</span> <span class='ocrx_word' id='word_1_133' title='bbox 759 2491 867 2577; x_wconf 87' lang='lat' dir='ltr'>“plus,</span> <span class='ocrx_word' id='word_1_134' title='bbox 894 2514 987 2576; x_wconf 89' lang='lat' dir='ltr'>qnam</span> <span class='ocrx_word' id='word_1_135' title='bbox 1016 2492 1170 2578; x_wconf 89' lang='lat' dir='ltr'>pollicitus</span> <span class='ocrx_word' id='word_1_136' title='bbox 1199 2497 1290 2565; x_wconf 91' lang='lat' dir='ltr'>esset,</span> 
     </span>
     <span class='ocr_line' id='line_1_18' title="bbox 201 2591 1292 2678; baseline -0.005 -19"><span class='ocrx_word' id='word_1_137' title='bbox 201 2595 358 2659; x_wconf 83' lang='lat' dir='ltr'>Oaesarem</span> <span class='ocrx_word' id='word_1_138' title='bbox 385 2592 413 2656; x_wconf 89' lang='lat' dir='ltr'>ei</span> <span class='ocrx_word' id='word_1_139' title='bbox 438 2593 559 2657; x_wconf 85' lang='lat' dir='ltr'>facere:</span> <span class='ocrx_word' id='word_1_140' title='bbox 583 2592 766 2677; x_wconf 87' lang='lat' dir='ltr'>pollicitum,</span> <span class='ocrx_word' id='word_1_141' title='bbox 783 2613 815 2656; x_wconf 92' lang='lat' dir='ltr'>se</span> <span class='ocrx_word' id='word_1_142' title='bbox 838 2592 872 2656; x_wconf 90' lang='lat' dir='ltr'>in</span> <span class='ocrx_word' id='word_1_143' title='bbox 894 2593 1030 2658; x_wconf 88' lang='lat' dir='ltr'>cohortis</span> <span class='ocrx_word' id='word_1_144' title='bbox 1051 2592 1202 2678; x_wconf 86' lang='lat' dir='ltr'>praetoriae</span> <span class='ocrx_word' id='word_1_145' title='bbox 1225 2591 1292 2655; x_wconf 88' lang='lat' dir='ltr'>loco</span> 
     </span>
     <span class='ocr_line' id='line_1_19' title="bbox 202 2691 1217 2777; baseline -0.002 -19"><span class='ocrx_word' id='word_1_146' title='bbox 202 2694 354 2758; x_wconf 90' lang='lat' dir='ltr'>decimam</span> <span class='ocrx_word' id='word_1_147' title='bbox 369 2692 522 2777; x_wconf 88' lang='lat' dir='ltr'>legionem</span> <span class='ocrx_word' id='word_1_148' title='bbox 537 2693 726 2769; x_wconf 90' lang='lat' dir='ltr'>habiturum,</span> <span class='ocrx_word' id='word_1_149' title='bbox 742 2714 824 2756; x_wconf 90' lang='lat' dir='ltr'>nune</span> <span class='ocrx_word' id='word_1_150' title='bbox 836 2692 877 2756; x_wconf 90' lang='lat' dir='ltr'>ad</span> <span class='ocrx_word' id='word_1_151' title='bbox 892 2717 1004 2777; x_wconf 90' lang='lat' dir='ltr'>equum</span> <span class='ocrx_word' id='word_1_152' title='bbox 1019 2691 1217 2758; x_wconf 83' lang='lat' dir='ltr'>rescribere.&#39;&#39;</span> 
     </span>
    </p>

    <p class='ocr_par' dir='ltr' id='par_1_3' title="bbox 197 2781 1307 4280">
     <span class='ocr_line' id='line_1_20' title="bbox 197 2781 1294 2876; baseline -0.002 -20"><span class='ocrx_word' id='word_1_153' title='bbox 197 2781 204 2798; x_wconf 79' lang='lat'>&#39;</span> <span class='ocrx_word' id='word_1_154' title='bbox 248 2791 382 2856; x_wconf 89' lang='lat' dir='ltr'>XLIII.</span> <span class='ocrx_word' id='word_1_155' title='bbox 411 2791 567 2855; x_wconf 90' lang='lat' dir='ltr'>Planicies</span> <span class='ocrx_word' id='word_1_156' title='bbox 591 2800 659 2855; x_wconf 89' lang='lat' dir='ltr'>erat</span> <span class='ocrx_word' id='word_1_157' title='bbox 680 2814 804 2876; x_wconf 87' lang='lat' dir='ltr'>magna,</span> <span class='ocrx_word' id='word_1_158' title='bbox 821 2799 853 2855; x_wconf 86' lang='lat' dir='ltr'>et</span> <span class='ocrx_word' id='word_1_159' title='bbox 876 2793 908 2856; x_wconf 92' lang='lat' dir='ltr'>in</span> <span class='ocrx_word' id='word_1_160' title='bbox 931 2815 968 2856; x_wconf 88' lang='lat' dir='ltr'>ea</span> <span class='ocrx_word' id='word_1_161' title='bbox 987 2795 1126 2858; x_wconf 88' lang='lat' dir='ltr'>tumulus</span> <span class='ocrx_word' id='word_1_162' title='bbox 1153 2801 1294 2857; x_wconf 90' lang='lat' dir='ltr'>terrenus</span> 
     </span>
     <span class='ocr_line' id='line_1_21' title="bbox 205 2889 1296 2977; baseline -0.003 -19"><span class='ocrx_word' id='word_1_163' title='bbox 205 2893 280 2958; x_wconf 89' lang='lat' dir='ltr'>satis</span> <span class='ocrx_word' id='word_1_164' title='bbox 294 2889 431 2976; x_wconf 88' lang='lat' dir='ltr'>grandis.</span> <span class='ocrx_word' id='word_1_165' title='bbox 483 2890 548 2955; x_wconf 89' lang='lat' dir='ltr'>Hic</span> <span class='ocrx_word' id='word_1_166' title='bbox 571 2890 656 2955; x_wconf 89' lang='lat' dir='ltr'>locus</span> <span class='ocrx_word' id='word_1_167' title='bbox 681 2913 768 2974; x_wconf 85' lang='lat' dir='ltr'>ecquo</span> <span class='ocrx_word' id='word_1_168' title='bbox 783 2892 844 2954; x_wconf 91' lang='lat' dir='ltr'>fere</span> <span class='ocrx_word' id='word_1_169' title='bbox 860 2892 961 2977; x_wconf 89' lang='lat' dir='ltr'>spatio</span> <span class='ocrx_word' id='word_1_170' title='bbox 974 2893 1014 2957; x_wconf 88' lang='lat' dir='ltr'>ab</span> <span class='ocrx_word' id='word_1_171' title='bbox 1031 2892 1140 2958; x_wconf 86' lang='lat' dir='ltr'>eastris</span> <span class='ocrx_word' id='word_1_172' title='bbox 1157 2893 1296 2976; x_wconf 88' lang='lat' dir='ltr'>utrisque</span> 
     </span>
     <span class='ocr_line' id='line_1_22' title="bbox 205 2989 1295 3075; baseline -0.002 -19"><span class='ocrx_word' id='word_1_173' title='bbox 205 2992 323 3056; x_wconf 88' lang='lat' dir='ltr'>aberat.</span> <span class='ocrx_word' id='word_1_174' title='bbox 369 2989 428 3068; x_wconf 88' lang='lat' dir='ltr'>Eo,</span> <span class='ocrx_word' id='word_1_175' title='bbox 446 2999 482 3054; x_wconf 88' lang='lat' dir='ltr'>ut</span> <span class='ocrx_word' id='word_1_176' title='bbox 511 2999 579 3053; x_wconf 88' lang='lat' dir='ltr'>erat</span> <span class='ocrx_word' id='word_1_177' title='bbox 605 2989 734 3068; x_wconf 88' lang='lat' dir='ltr'>dietum,</span> <span class='ocrx_word' id='word_1_178' title='bbox 751 2990 792 3053; x_wconf 89' lang='lat' dir='ltr'>ad</span> <span class='ocrx_word' id='word_1_179' title='bbox 814 2991 999 3075; x_wconf 91' lang='lat' dir='ltr'>colloquium</span> <span class='ocrx_word' id='word_1_180' title='bbox 1029 3001 1190 3057; x_wconf 88' lang='lat' dir='ltr'>venerunt.</span> <span class='ocrx_word' id='word_1_181' title='bbox 1237 2993 1295 3055; x_wconf 93' lang='lat' dir='ltr'>Le-</span> 
     </span>
     <span class='ocr_line' id='line_1_23' title="bbox 204 3089 1297 3179; baseline -0.002 -23"><span class='ocrx_word' id='word_1_182' title='bbox 204 3093 327 3179; x_wconf 88' lang='lat' dir='ltr'>gionem</span> <span class='ocrx_word' id='word_1_183' title='bbox 354 3090 466 3167; x_wconf 79' lang='lat' dir='ltr'>Caesar,</span> <span class='ocrx_word' id='word_1_184' title='bbox 491 3112 585 3174; x_wconf 86' lang='lat' dir='ltr'>quam</span> <span class='ocrx_word' id='word_1_185' title='bbox 612 3089 697 3174; x_wconf 91' lang='lat' dir='ltr'>equis</span> <span class='ocrx_word' id='word_1_186' title='bbox 724 3090 901 3168; x_wconf 85' lang='lat' dir='ltr'>devexerat,</span> <span class='ocrx_word' id='word_1_187' title='bbox 926 3093 1066 3177; x_wconf 89' lang='lat' dir='ltr'>passibus</span> <span class='ocrx_word' id='word_1_188' title='bbox 1090 3093 1231 3157; x_wconf 89' lang='lat' dir='ltr'>ducentis</span> <span class='ocrx_word' id='word_1_189' title='bbox 1256 3092 1297 3155; x_wconf 89' lang='lat' dir='ltr'>ab</span> 
     </span>
     <span class='ocr_line' id='line_1_24' title="bbox 207 3189 1297 3279; baseline -0.003 -21"><span class='ocrx_word' id='word_1_190' title='bbox 207 3217 244 3258; x_wconf 90' lang='lat' dir='ltr'>eo</span> <span class='ocrx_word' id='word_1_191' title='bbox 271 3192 392 3256; x_wconf 89' lang='lat' dir='ltr'>tumulo</span> <span class='ocrx_word' id='word_1_192' title='bbox 409 3191 582 3255; x_wconf 89' lang='lat' dir='ltr'>constituit.</span> <span class='ocrx_word' id='word_1_193' title='bbox 635 3189 718 3255; x_wconf 88' lang='lat' dir='ltr'>Item</span> <span class='ocrx_word' id='word_1_194' title='bbox 735 3191 854 3274; x_wconf 88' lang='lat' dir='ltr'>equites</span> <span class='ocrx_word' id='word_1_195' title='bbox 870 3191 1022 3257; x_wconf 89' lang='lat' dir='ltr'>Ariovisti</span> <span class='ocrx_word' id='word_1_196' title='bbox 1045 3193 1112 3279; x_wconf 85' lang='lat' dir='ltr'>pari</span> <span class='ocrx_word' id='word_1_197' title='bbox 1133 3193 1297 3256; x_wconf 87' lang='lat' dir='ltr'>intervallo</span> 
     </span>
     <span class='ocr_line' id='line_1_25' title="bbox 208 3289 1296 3378; baseline 0 -21"><span class='ocrx_word' id='word_1_198' title='bbox 208 3293 423 3359; x_wconf 88' lang='lat' dir='ltr'>constiterunt.</span> <span class='ocrx_word' id='word_1_199' title='bbox 498 3289 687 3368; x_wconf 80' lang='lat' dir='ltr'>Ariovistus,</span> <span class='ocrx_word' id='word_1_200' title='bbox 724 3314 764 3356; x_wconf 83' lang='lat' dir='ltr'>ex</span> <span class='ocrx_word' id='word_1_201' title='bbox 794 3291 880 3374; x_wconf 90' lang='lat' dir='ltr'>equis</span> <span class='ocrx_word' id='word_1_202' title='bbox 915 3300 948 3357; x_wconf 88' lang='lat' dir='ltr'>et</span> <span class='ocrx_word' id='word_1_203' title='bbox 979 3293 1224 3378; x_wconf 88' lang='lat' dir='ltr'>colloquerentur</span> <span class='ocrx_word' id='word_1_204' title='bbox 1255 3306 1296 3368; x_wconf 87' lang='lat' dir='ltr'>et,</span> 
     </span>
     <span class='ocr_line' id='line_1_26' title="bbox 210 3391 1299 3480; baseline -0.001 -22"><span class='ocrx_word' id='word_1_205' title='bbox 210 3403 324 3478; x_wconf 88' lang='lat' dir='ltr'>praeter</span> <span class='ocrx_word' id='word_1_206' title='bbox 349 3417 392 3470; x_wconf 90' lang='lat' dir='ltr'>se,</span> <span class='ocrx_word' id='word_1_207' title='bbox 419 3392 515 3457; x_wconf 91' lang='lat' dir='ltr'>denos</span> <span class='ocrx_word' id='word_1_208' title='bbox 540 3399 576 3456; x_wconf 88' lang='lat' dir='ltr'>ut</span> <span class='ocrx_word' id='word_1_209' title='bbox 607 3391 649 3456; x_wconf 82' lang='lat' dir='ltr'>od</span> <span class='ocrx_word' id='word_1_210' title='bbox 677 3391 863 3476; x_wconf 89' lang='lat' dir='ltr'>colloquium</span> <span class='ocrx_word' id='word_1_211' title='bbox 891 3393 1093 3472; x_wconf 86' lang='lat' dir='ltr'>adducerent,</span> <span class='ocrx_word' id='word_1_212' title='bbox 1120 3393 1299 3480; x_wconf 82' lang='lat' dir='ltr'>postulavit.</span> 
     </span>
     <span class='ocr_line' id='line_1_27' title="bbox 212 3491 1299 3577; baseline -0.001 -19"><span class='ocrx_word' id='word_1_213' title='bbox 212 3494 278 3559; x_wconf 93' lang='lat' dir='ltr'>Ubi</span> <span class='ocrx_word' id='word_1_214' title='bbox 302 3517 339 3557; x_wconf 90' lang='lat' dir='ltr'>eo</span> <span class='ocrx_word' id='word_1_215' title='bbox 367 3501 495 3557; x_wconf 90' lang='lat' dir='ltr'>ventum</span> <span class='ocrx_word' id='word_1_216' title='bbox 519 3501 576 3570; x_wconf 87' lang='lat' dir='ltr'>est,</span> <span class='ocrx_word' id='word_1_217' title='bbox 604 3491 708 3558; x_wconf 82' lang='lat' dir='ltr'>Oaesar</span> <span class='ocrx_word' id='word_1_218' title='bbox 736 3492 825 3557; x_wconf 90' lang='lat' dir='ltr'>initio</span> <span class='ocrx_word' id='word_1_219' title='bbox 854 3493 1003 3560; x_wconf 86' lang='lat' dir='ltr'>orationis</span> <span class='ocrx_word' id='word_1_220' title='bbox 1026 3518 1082 3561; x_wconf 90' lang='lat' dir='ltr'>sua</span> <span class='ocrx_word' id='word_1_221' title='bbox 1112 3504 1299 3577; x_wconf 88' lang='lat' dir='ltr'>senatusque</span> 
     </span>
     <span class='ocr_line' id='line_1_28' title="bbox 211 3589 1300 3682; baseline -0.002 -24"><span class='ocrx_word' id='word_1_222' title='bbox 211 3596 244 3658; x_wconf 92' lang='lat' dir='ltr'>in</span> <span class='ocrx_word' id='word_1_223' title='bbox 261 3616 332 3658; x_wconf 92' lang='lat' dir='ltr'>eum</span> <span class='ocrx_word' id='word_1_224' title='bbox 355 3589 503 3656; x_wconf 89' lang='lat' dir='ltr'>beneficia</span> <span class='ocrx_word' id='word_1_225' title='bbox 526 3593 789 3670; x_wconf 87' lang='lat' dir='ltr'>commemoravit,</span> <span class='ocrx_word' id='word_1_226' title='bbox 809 3600 828 3628; x_wconf 92' lang='lat'>“</span> <span class='ocrx_word' id='word_1_227' title='bbox 840 3594 922 3676; x_wconf 88' lang='lat' dir='ltr'>qaod</span> <span class='ocrx_word' id='word_1_228' title='bbox 944 3617 1001 3659; x_wconf 85' lang='lat' dir='ltr'>rex</span> <span class='ocrx_word' id='word_1_229' title='bbox 1021 3596 1197 3682; x_wconf 87' lang='lat' dir='ltr'>adpellatus</span> <span class='ocrx_word' id='word_1_230' title='bbox 1219 3602 1300 3660; x_wconf 87' lang='lat' dir='ltr'>esset</span> 
     </span>
     <span class='ocr_line' id='line_1_29' title="bbox 213 3691 1298 3781; baseline -0.001 -23"><span class='ocrx_word' id='word_1_231' title='bbox 213 3717 232 3758; x_wconf 88' lang='lat' dir='ltr'>a</span> <span class='ocrx_word' id='word_1_232' title='bbox 263 3700 383 3770; x_wconf 91' lang='lat' dir='ltr'>senatu,</span> <span class='ocrx_word' id='word_1_233' title='bbox 413 3691 496 3776; x_wconf 91' lang='lat' dir='ltr'>quod</span> <span class='ocrx_word' id='word_1_234' title='bbox 524 3693 653 3769; x_wconf 88' lang='lat' dir='ltr'>amicus,</span> <span class='ocrx_word' id='word_1_235' title='bbox 684 3692 767 3776; x_wconf 90' lang='lat' dir='ltr'>quod</span> <span class='ocrx_word' id='word_1_236' title='bbox 796 3715 925 3759; x_wconf 88' lang='lat' dir='ltr'>munera</span> <span class='ocrx_word' id='word_1_237' title='bbox 961 3697 1151 3781; x_wconf 89' lang='lat' dir='ltr'>amplissima</span> <span class='ocrx_word' id='word_1_238' title='bbox 1185 3697 1298 3760; x_wconf 88' lang='lat' dir='ltr'>missa:</span> 
     </span>
     <span class='ocr_line' id='line_1_30' title="bbox 213 3792 1302 3882; baseline -0.001 -24"><span class='ocrx_word' id='word_1_239' title='bbox 213 3817 307 3878; x_wconf 90' lang='lat' dir='ltr'>quam</span> <span class='ocrx_word' id='word_1_240' title='bbox 335 3816 401 3858; x_wconf 90' lang='lat' dir='ltr'>rem</span> <span class='ocrx_word' id='word_1_241' title='bbox 427 3801 459 3856; x_wconf 86' lang='lat' dir='ltr'>et</span> <span class='ocrx_word' id='word_1_242' title='bbox 490 3792 596 3877; x_wconf 77' lang='lat' dir='ltr'>paucIs</span> <span class='ocrx_word' id='word_1_243' title='bbox 626 3793 801 3878; x_wconf 86' lang='lat' dir='ltr'>contigisse,</span> <span class='ocrx_word' id='word_1_244' title='bbox 838 3802 870 3859; x_wconf 85' lang='lat' dir='ltr'>et</span> <span class='ocrx_word' id='word_1_245' title='bbox 903 3819 958 3880; x_wconf 92' lang='lat' dir='ltr'>pro</span> <span class='ocrx_word' id='word_1_246' title='bbox 991 3797 1113 3882; x_wconf 85' lang='lat' dir='ltr'>magnis</span> <span class='ocrx_word' id='word_1_247' title='bbox 1141 3795 1302 3860; x_wconf 89' lang='lat' dir='ltr'>hominum</span> 
     </span>
     <span class='ocr_line' id='line_1_31' title="bbox 215 3892 1304 3981; baseline -0.001 -23"><span class='ocrx_word' id='word_1_248' title='bbox 215 3893 322 3958; x_wconf 86' lang='lat' dir='ltr'>officiis</span> <span class='ocrx_word' id='word_1_249' title='bbox 338 3915 500 3958; x_wconf 87' lang='lat' dir='ltr'>consuesse</span> <span class='ocrx_word' id='word_1_250' title='bbox 514 3892 610 3958; x_wconf 90' lang='lat' dir='ltr'>tribui</span> <span class='ocrx_word' id='word_1_251' title='bbox 622 3892 642 3919; x_wconf 84' lang='grc'>”</span> <span class='ocrx_word' id='word_1_252' title='bbox 665 3893 816 3958; x_wconf 87' lang='lat' dir='ltr'>docebat:</span> <span class='ocrx_word' id='word_1_253' title='bbox 845 3895 974 3974; x_wconf 84' lang='lat' dir='ltr'>“illum,</span> <span class='ocrx_word' id='word_1_254' title='bbox 999 3920 1094 3981; x_wconf 91' lang='lat' dir='ltr'>quum</span> <span class='ocrx_word' id='word_1_255' title='bbox 1114 3918 1213 3980; x_wconf 88' lang='lat' dir='ltr'>neque</span> <span class='ocrx_word' id='word_1_256' title='bbox 1236 3895 1304 3958; x_wconf 90' lang='lat' dir='ltr'>adi-</span> 
     </span>
     <span class='ocr_line' id='line_1_32' title="bbox 215 3992 1304 4080; baseline -0.001 -22"><span class='ocrx_word' id='word_1_257' title='bbox 215 4003 295 4068; x_wconf 90' lang='lat' dir='ltr'>tum,</span> <span class='ocrx_word' id='word_1_258' title='bbox 311 4016 410 4077; x_wconf 89' lang='lat' dir='ltr'>neque</span> <span class='ocrx_word' id='word_1_259' title='bbox 436 4015 575 4058; x_wconf 88' lang='lat' dir='ltr'>caussam</span> <span class='ocrx_word' id='word_1_260' title='bbox 603 3994 781 4079; x_wconf 89' lang='lat' dir='ltr'>postulandi</span> <span class='ocrx_word' id='word_1_261' title='bbox 800 3992 920 4080; x_wconf 86' lang='lat' dir='ltr'>justam</span> <span class='ocrx_word' id='word_1_262' title='bbox 943 3997 1080 4075; x_wconf 87' lang='lat' dir='ltr'>haberet,</span> <span class='ocrx_word' id='word_1_263' title='bbox 1097 3992 1244 4061; x_wconf 89' lang='lat' dir='ltr'>beneficio</span> <span class='ocrx_word' id='word_1_264' title='bbox 1267 4017 1304 4058; x_wconf 90' lang='lat' dir='ltr'>ac</span> 
     </span>
     <span class='ocr_line' id='line_1_33' title="bbox 215 4093 1305 4179; baseline 0 -21"><span class='ocrx_word' id='word_1_265' title='bbox 215 4093 402 4158; x_wconf 84' lang='lat' dir='ltr'>liberalitate</span> <span class='ocrx_word' id='word_1_266' title='bbox 420 4116 477 4158; x_wconf 90' lang='lat' dir='ltr'>sua</span> <span class='ocrx_word' id='word_1_267' title='bbox 491 4116 529 4158; x_wconf 89' lang='lat' dir='ltr'>ac</span> <span class='ocrx_word' id='word_1_268' title='bbox 545 4103 671 4160; x_wconf 90' lang='lat' dir='ltr'>senatus</span> <span class='ocrx_word' id='word_1_269' title='bbox 685 4117 722 4159; x_wconf 88' lang='lat' dir='ltr'>ea</span> <span class='ocrx_word' id='word_1_270' title='bbox 736 4095 865 4179; x_wconf 80' lang='lat' dir='ltr'>pramis</span> <span class='ocrx_word' id='word_1_271' title='bbox 879 4096 1109 4162; x_wconf 79' lang='lat' dir='ltr'>consecutum.&#39;&#39;</span> <span class='ocrx_word' id='word_1_272' title='bbox 1160 4095 1305 4159; x_wconf 85' lang='lat' dir='ltr'>Docebat</span> 
     </span>
     <span class='ocr_line' id='line_1_34' title="bbox 216 4193 1307 4280; baseline -0.001 -22"><span class='ocrx_word' id='word_1_273' title='bbox 216 4194 321 4270; x_wconf 88' lang='lat' dir='ltr'>etiam,</span> <span class='ocrx_word' id='word_1_274' title='bbox 340 4203 464 4278; x_wconf 87' lang='lat' dir='ltr'>“quam</span> <span class='ocrx_word' id='word_1_275' title='bbox 488 4204 618 4272; x_wconf 87' lang='lat' dir='ltr'>veteres,</span> <span class='ocrx_word' id='word_1_276' title='bbox 646 4218 798 4279; x_wconf 89' lang='lat' dir='ltr'>quamque</span> <span class='ocrx_word' id='word_1_277' title='bbox 817 4193 913 4280; x_wconf 88' lang='lat' dir='ltr'>justae</span> <span class='ocrx_word' id='word_1_278' title='bbox 933 4220 1047 4263; x_wconf 70' lang='lat' dir='ltr'>caumas</span> <span class='ocrx_word' id='word_1_279' title='bbox 1071 4195 1307 4262; x_wconf 86' lang='lat' dir='ltr'>necessitudinis</span> 
     </span>
    </p>
   </div>
   <div class='ocr_carea' id='block_1_3' title="bbox 217 4293 1310 4779">
    <p class='ocr_par' dir='ltr' id='par_1_4' title="bbox 217 4293 1310 4779">
     <span class='ocr_line' id='line_1_35' title="bbox 217 4293 1307 4380; baseline -0.001 -22"><span class='ocrx_word' id='word_1_280' title='bbox 217 4295 291 4380; x_wconf 89' lang='lat' dir='ltr'>ipsis</span> <span class='ocrx_word' id='word_1_281' title='bbox 310 4317 380 4357; x_wconf 92' lang='lat' dir='ltr'>cum</span> <span class='ocrx_word' id='word_1_282' title='bbox 394 4293 513 4359; x_wconf 87' lang='lat' dir='ltr'>AEduis</span> <span class='ocrx_word' id='word_1_283' title='bbox 529 4295 766 4373; x_wconf 88' lang='lat' dir='ltr'>intercederent,</span> <span class='ocrx_word' id='word_1_284' title='bbox 785 4319 852 4379; x_wconf 82' lang='lat' dir='ltr'>quae</span> <span class='ocrx_word' id='word_1_285' title='bbox 870 4306 996 4363; x_wconf 89' lang='lat' dir='ltr'>senatus</span> <span class='ocrx_word' id='word_1_286' title='bbox 1011 4297 1161 4374; x_wconf 88' lang='lat' dir='ltr'>consulta,</span> <span class='ocrx_word' id='word_1_287' title='bbox 1176 4295 1307 4380; x_wconf 89' lang='lat' dir='ltr'>quoties,</span> 
     </span>
     <span class='ocr_line' id='line_1_36' title="bbox 218 4391 1307 4480; baseline 0 -22"><span class='ocrx_word' id='word_1_288' title='bbox 218 4417 371 4479; x_wconf 86' lang='lat' dir='ltr'>quamque</span> <span class='ocrx_word' id='word_1_289' title='bbox 399 4391 568 4458; x_wconf 90' lang='lat' dir='ltr'>honorifica</span> <span class='ocrx_word' id='word_1_290' title='bbox 591 4395 623 4458; x_wconf 93' lang='lat' dir='ltr'>in</span> <span class='ocrx_word' id='word_1_291' title='bbox 650 4418 703 4459; x_wconf 90' lang='lat' dir='ltr'>eos</span> <span class='ocrx_word' id='word_1_292' title='bbox 727 4396 812 4461; x_wconf 85' lang='lat' dir='ltr'>facta</span> <span class='ocrx_word' id='word_1_293' title='bbox 840 4405 960 4461; x_wconf 88' lang='lat' dir='ltr'>essent:</span> <span class='ocrx_word' id='word_1_294' title='bbox 992 4406 1028 4462; x_wconf 89' lang='lat' dir='ltr'>ut</span> <span class='ocrx_word' id='word_1_295' title='bbox 1052 4398 1136 4462; x_wconf 92' lang='lat' dir='ltr'>omni</span> <span class='ocrx_word' id='word_1_296' title='bbox 1167 4405 1307 4480; x_wconf 89' lang='lat' dir='ltr'>tempore</span> 
     </span>
     <span class='ocr_line' id='line_1_37' title="bbox 218 4493 1308 4584; baseline 0.001 -26"><span class='ocrx_word' id='word_1_297' title='bbox 218 4494 314 4558; x_wconf 91' lang='lat' dir='ltr'>totius</span> <span class='ocrx_word' id='word_1_298' title='bbox 328 4494 438 4558; x_wconf 81' lang='lat' dir='ltr'>Galliae</span> <span class='ocrx_word' id='word_1_299' title='bbox 456 4494 664 4578; x_wconf 86' lang='lat' dir='ltr'>principatum</span> <span class='ocrx_word' id='word_1_300' title='bbox 680 4493 785 4559; x_wconf 86' lang='lat' dir='ltr'>AEdni</span> <span class='ocrx_word' id='word_1_301' title='bbox 800 4497 968 4576; x_wconf 88' lang='lat' dir='ltr'>tenuisent,</span> <span class='ocrx_word' id='word_1_302' title='bbox 992 4498 1076 4584; x_wconf 90' lang='lat' dir='ltr'>prius</span> <span class='ocrx_word' id='word_1_303' title='bbox 1093 4497 1198 4574; x_wconf 87' lang='lat' dir='ltr'>etiam,</span> <span class='ocrx_word' id='word_1_304' title='bbox 1215 4518 1308 4580; x_wconf 88' lang='lat' dir='ltr'>quam</span> 
     </span>
     <span class='ocr_line' id='line_1_38' title="bbox 217 4594 1309 4682; baseline 0.001 -24"><span class='ocrx_word' id='word_1_305' title='bbox 217 4602 356 4659; x_wconf 88' lang='lat' dir='ltr'>nostram</span> <span class='ocrx_word' id='word_1_306' title='bbox 387 4594 557 4658; x_wconf 89' lang='lat' dir='ltr'>amicitiam</span> <span class='ocrx_word' id='word_1_307' title='bbox 588 4594 803 4679; x_wconf 88' lang='lat' dir='ltr'>adpetisscnt;</span> <span class='ocrx_word' id='word_1_308' title='bbox 831 4597 937 4682; x_wconf 90' lang='lat' dir='ltr'>populi</span> <span class='ocrx_word' id='word_1_309' title='bbox 969 4598 1104 4663; x_wconf 88' lang='lat' dir='ltr'>Romani</span> <span class='ocrx_word' id='word_1_310' title='bbox 1132 4598 1214 4661; x_wconf 88' lang='lat' dir='ltr'>hanc</span> <span class='ocrx_word' id='word_1_311' title='bbox 1243 4618 1309 4660; x_wconf 90' lang='lat' dir='ltr'>esse</span> 
     </span>
     <span class='ocr_line' id='line_1_39' title="bbox 217 4694 1310 4779; baseline -0.002 -19"><span class='ocrx_word' id='word_1_312' title='bbox 217 4695 480 4772; x_wconf 88' lang='lat' dir='ltr'>consuetudinem,</span> <span class='ocrx_word' id='word_1_313' title='bbox 503 4700 539 4757; x_wconf 90' lang='lat' dir='ltr'>ut</span> <span class='ocrx_word' id='word_1_314' title='bbox 567 4694 664 4760; x_wconf 88' lang='lat' dir='ltr'>socios</span> <span class='ocrx_word' id='word_1_315' title='bbox 690 4702 784 4779; x_wconf 88' lang='lat' dir='ltr'>atque</span> <span class='ocrx_word' id='word_1_316' title='bbox 813 4696 929 4761; x_wconf 86' lang='lat' dir='ltr'>amicos</span> <span class='ocrx_word' id='word_1_317' title='bbox 953 4722 1014 4762; x_wconf 93' lang='lat' dir='ltr'>non</span> <span class='ocrx_word' id='word_1_318' title='bbox 1041 4698 1134 4764; x_wconf 87' lang='lat' dir='ltr'>modo</span> <span class='ocrx_word' id='word_1_319' title='bbox 1158 4698 1206 4763; x_wconf 89' lang='lat' dir='ltr'>sui</span> <span class='ocrx_word' id='word_1_320' title='bbox 1232 4695 1310 4760; x_wconf 90' lang='lat' dir='ltr'>nihil</span> 
     </span>
    </p>
   </div>
   <div class='ocr_carea' id='block_1_4' title="bbox 217 4793 1309 4882">
    <p class='ocr_par' dir='ltr' id='par_1_5' title="bbox 217 4793 1309 4882">
     <span class='ocr_line' id='line_1_40' title="bbox 217 4793 1309 4882; baseline -0.002 -23"><span class='ocrx_word' id='word_1_321' title='bbox 217 4796 395 4882; x_wconf 88' lang='lat' dir='ltr'>deperdere,</span> <span class='ocrx_word' id='word_1_322' title='bbox 424 4794 479 4860; x_wconf 91' lang='lat' dir='ltr'>sed</span> <span class='ocrx_word' id='word_1_323' title='bbox 495 4793 607 4880; x_wconf 88' lang='lat' dir='ltr'>gratia,</span> <span class='ocrx_word' id='word_1_324' title='bbox 632 4795 795 4879; x_wconf 84' lang='lat' dir='ltr'>dignitate,</span> <span class='ocrx_word' id='word_1_325' title='bbox 820 4797 935 4862; x_wconf 90' lang='lat' dir='ltr'>honore</span> <span class='ocrx_word' id='word_1_326' title='bbox 961 4800 1115 4864; x_wconf 89' lang='lat' dir='ltr'>auctiores</span> <span class='ocrx_word' id='word_1_327' title='bbox 1130 4797 1205 4864; x_wconf 89' lang='lat' dir='ltr'>velit</span> <span class='ocrx_word' id='word_1_328' title='bbox 1227 4818 1309 4862; x_wconf 74' lang='lat' dir='ltr'>essex</span> 
     </span>
    </p>
   </div>
   <div class='ocr_carea' id='block_1_5' title="bbox 0 0 1493 5378">
    <p class='ocr_par' dir='ltr' id='par_1_6' title="bbox 0 0 1493 5378">
     <span class='ocr_line' id='line_1_41' title="bbox 0 0 1493 5378; baseline 0 0"><span class='ocrx_word' id='word_1_329' title='bbox 0 0 1493 5378; x_wconf 95' lang='lat' dir='ltr'> </span> 
     </span>
    </p>
   </div>
  </div>
 </body>
</html>
