2886 5378
192 810 216 856 x
464 806 542 861 uult
566 805 747 862 ohannau
775 807 823 863 012
847 807 1014 864 uacuus.

234 964 289 1029 Ex
309 964 369 1029 hac
391 967 488 1052 igitur
514 966 646 1032 Scauzia
665 968 776 1046 insula,
802 968 889 1052 quasi
915 966 1037 1032 officina
1061 967 1212 1052 gentium,
1230 978 1289 1035 aut

142 1073 143 1076 ’
192 1074 276 1129 certe
303 1066 388 1131 velut
405 1069 518 1154 vagina
547 1068 719 1146 nationum,
748 1091 819 1133 cum
847 1092 919 1154 rege
949 1091 1005 1133 suo
1029 1068 1154 1133 nomine
1174 1069 1290 1136 Berich

190 1164 288 1230 Gothi
302 1167 458 1250 qnondam
472 1178 684 1233 memorantur
696 1169 828 1254 egressi:
853 1170 906 1252 qui
922 1177 957 1232 ut
972 1169 1106 1253 primum
1122 1192 1139 1232 e
1153 1170 1289 1237 navibus

189 1275 339 1333 exeuntes
362 1275 462 1333 terras
488 1268 631 1354 attigere,
654 1270 735 1333 illico
760 1269 826 1333 loco
849 1291 962 1334 nomeu
986 1268 1148 1333 dederunt.
1201 1270 1287 1336 Nam

187 1366 279 1431 hodie
301 1367 374 1448 illic,
396 1376 433 1433 ut
454 1369 563 1445 fertur,
587 1369 807 1434 Gothiscanzia
829 1377 966 1435 vocatur.
1013 1369 1108 1434 Unde
1123 1392 1197 1433 mox
1212 1392 1287 1454 pro-

186 1476 348 1533 moventes
362 1469 403 1534 ad
417 1469 506 1535 sedes
521 1458 775 1555 Ulmerugorum,
792 1470 844 1555 qui
866 1479 941 1534 tunc
964 1468 1082 1534 Oceani
1104 1471 1187 1553 ripas
1208 1472 1286 1536 insi-

187 1567 314 1646 debant,
342 1571 555 1635 castrametati
582 1580 664 1648 sunt,
688 1593 800 1655 eosque
828 1571 990 1661 commisso
1022 1568 1129 1654 proelio
1150 1571 1285 1655 propriis

186 1668 311 1734 sedibus
340 1670 545 1755 pepulerunt:
581 1693 747 1756 eorumque
777 1671 895 1736 vicinos
920 1669 1096 1735 Wandalos
1112 1668 1182 1757 jam
1205 1679 1284 1736 tunc

185 1767 397 1856 subjugantes
420 1772 484 1836 suis
505 1772 680 1857 applicuere
704 1771 850 1836 victoriis.
896 1771 945 1836 lbi
961 1794 1033 1835 vero
1048 1792 1162 1855 magna
1175 1772 1283 1857 populi

185 1871 409 1936 numerositate
433 1880 598 1949 crescente,
615 1872 710 1937 etiam
734 1894 811 1958 pene
829 1872 937 1956 quinto
951 1894 1022 1956 rege
1036 1879 1194 1956 regnante,
1210 1882 1282 1956 post

185 1969 307 2047 Berich,
326 1969 464 2049 Filimer,
483 1971 545 2036 filio
562 1972 719 2050 Godarici,
739 1972 864 2037 consilio
889 1972 982 2046 sedit,
1008 1981 1044 2035 ut
1068 1971 1180 2035 exinde
1208 1995 1282 2037 cum

184 2068 309 2136 familiis
324 2071 500 2136 Gothorum
513 2084 708 2158 promoveret
722 2073 887 2138 exercitus.
919 2072 980 2154 Qui
993 2072 1168 2156 aptissimas
1180 2072 1280 2150 sedes,

183 2169 311 2255 locaque
335 2172 409 2236 dum
438 2183 588 2256 quaereret
615 2196 759 2258 congrua,
787 2172 991 2258 pervenitad
1015 2172 1153 2257 Scythiae
1169 2180 1280 2250 terras,

182 2294 250 2354 quae
276 2272 383 2358 lingua
407 2296 513 2338 eorum
539 2273 622 2338 Ouin
646 2275 847 2339 vocabantur.
893 2273 960 2338 Ubi
986 2272 1141 2337 delectato
1165 2296 1280 2358 magna

181 2372 325 2438 ubertate
350 2375 509 2458 regionum
536 2375 685 2452 exercitu,
711 2385 743 2439 et
773 2374 941 2439 medietate
970 2372 1169 2457 transposita,
1200 2397 1278 2458 pons

180 2471 304 2551 dicitur,
321 2474 403 2538 unde
430 2498 553 2540 amnem
577 2473 788 2562 transjecerat,
813 2474 1028 2540 miserabiliter
1042 2473 1199 2550 corruisse,
1219 2497 1277 2538 nec

180 2573 310 2639 ulterius
326 2572 394 2659 jam
421 2576 565 2659 cuiquam
587 2575 675 2640 licuit
692 2576 747 2653 ire,
763 2584 818 2641 aut
836 2575 945 2640 redire.
992 2574 1074 2638 Nam
1089 2573 1115 2637 is
1130 2572 1223 2649 locus,
1241 2585 1277 2639 ut

180 2674 288 2751 fertur,
317 2676 457 2741 tremulis
483 2677 649 2761 paludibus
671 2677 816 2762 voragine
840 2673 1039 2761 circumjecta
1060 2673 1273 2738 concluditur:

180 2796 270 2857 quem
289 2786 420 2860 utraque
435 2778 612 2842 confusione
629 2784 742 2841 natura
756 2776 893 2841 reddidit
910 2774 1104 2860 impervium.
1151 2774 1275 2838 Verun-

180 2882 285 2939 tamen
313 2876 464 2960 hodieque
486 2877 548 2940 illic
576 2887 608 2940 et
630 2899 720 2942 voces
744 2885 954 2941 armentorum
977 2873 1088 2952 audiri,
1107 2881 1139 2937 et
1158 2874 1276 2939 indicia

178 2973 337 3039 hominum
362 2976 559 3061 deprehendi,
584 2977 826 3042 commeantium
849 2976 1068 3052 adtestatione,
1091 2974 1232 3058 quamvis
1254 2998 1274 3040 a

178 3075 267 3159 longe
286 3076 492 3155 audientium,
508 3077 633 3142 credere
651 3077 733 3142 licet.
779 3077 858 3140 Haec
874 3078 969 3162 igitur
991 3098 1063 3161 pars
1085 3076 1271 3152 Gothorum,

178 3197 245 3257 quae
270 3175 354 3260 apud
379 3174 509 3242 Filimer
531 3177 644 3242 dicitur
665 3178 697 3242 in
712 3185 811 3242 terras
828 3176 911 3241 Ouin
927 3199 1051 3240 emenso
1065 3198 1156 3240 amne
1171 3184 1273 3240 trans-

176 3275 290 3359 posita,
311 3283 454 3360 optatum
479 3277 579 3363 potita
599 3277 718 3343 solum:
754 3301 812 3343 uec
836 3300 941 3342 mora:
969 3277 1051 3340 illico
1076 3276 1118 3340 ad
1144 3283 1271 3360 gentem

178 3375 342 3458 Spalorum
379 3377 559 3455 adveniunt,
597 3387 797 3463 consertoque
829 3377 935 3464 proelio
967 3376 1130 3441 victoriam
1170 3375 1271 3461 adipi-

176 3485 314 3541 scuntur.
359 3477 543 3564 Exindeque
552 3477 620 3565 jam
636 3478 722 3543 velut
739 3480 871 3543 victores
885 3479 926 3543 ad
942 3486 1115 3542 extremam
1131 3475 1271 3561 Scythia

174 3584 306 3660 partem,
332 3601 399 3662 quae
430 3580 562 3643 Pontico
589 3580 666 3644 mari
690 3581 793 3644 vicina
820 3587 877 3657 est,
904 3587 1090 3663 properant:
1120 3577 1271 3660 quemad-

175 3675 302 3741 modum
325 3688 358 3742 et
384 3679 413 3744 in
439 3679 546 3764 priscis
568 3703 674 3745 eorum
696 3679 885 3743 carminibus
902 3701 980 3763 pene
994 3677 1141 3742 historico
1158 3677 1220 3740 ritu
1236 3676 1269 3740 iu

174 3799 337 3842 commune
361 3781 525 3845 recolitur:
549 3779 632 3864 quod
657 3786 689 3843 et
714 3780 868 3844 Ablavius
893 3778 1064 3862 descriptor
1092 3777 1269 3840 Gothorum

173 3879 276 3961 gentis
301 3881 442 3966 egregius
457 3882 616 3946 verissima
639 3880 815 3944 adtestatur
831 3879 970 3943 historia.
1018 3877 1055 3941 In
1080 3899 1172 3962 quam
1197 3899 1267 3941 sen·

173 3978 305 4043 tentiam
331 3991 362 4045 et
388 3982 527 4046 nonnulli
553 4003 732 4045 consensere
760 3977 922 4066 majorum.
966 3977 1123 4063 Josephus
1146 3999 1268 4061 quoque

172 4081 331 4144 annalium
355 4083 469 4147 relator
493 4081 677 4158 verissimus,
702 4082 776 4145 dum
803 4081 917 4164 ubique
939 4078 1080 4143 veritatis
1104 4085 1267 4142 conservat

172 4179 321 4262 regulam,
338 4190 369 4245 et
394 4182 529 4268 origines
553 4204 714 4245 causarum
735 4205 755 4245 a
775 4180 926 4266 principio
942 4178 1082 4255 revolvit,
1099 4178 1165 4241 haec
1180 4200 1264 4255 vero,

171 4301 239 4362 qna
254 4279 400 4359 diximus,
419 4282 566 4367 degente
584 4281 756 4346 Gothorum
772 4280 925 4366 principia
942 4302 997 4343 cur
1015 4278 1161 4356 omiserit,
1178 4278 1265 4362 igno·

171 4400 284 4444 ramus.
330 4382 393 4447 Sed
409 4383 569 4446 tamenab
586 4383 645 4446 hoc
661 4382 728 4446 loco
744 4405 850 4446 eorum
866 4380 993 4464 stirpem
1009 4401 1263 4456 commemorans,

170 4477 306 4563 Scythas
327 4504 380 4546 eos
404 4490 436 4547 et
459 4483 584 4547 natione
610 4496 642 4546 et
666 4482 814 4547 vocabulo
832 4480 941 4546 asserit
957 4479 1149 4564 appellatos:
1175 4476 1264 4565 cujus

168 4579 224 4643 soli
243 4581 400 4661 terminos,
416 4592 582 4669 antequam
599 4582 684 4648 aliud
699 4582 740 4647 ad
763 4581 901 4646 medium
924 4579 1123 4659 deducamus,
1139 4601 1263 4644 necesse

167 4688 224 4757 est,
240 4683 287 4746 uti
300 4679 438 4768 jaceant,
455 4685 566 4749 dicere.

209 4780 342 4870 Scythia
369 4784 520 4869 siquidem
548 4784 721 4850 Germaniae
760 4793 849 4848 terrae
887 4778 1024 4857 confinia,
1057 4788 1183 4844 eotenus
1206 4779 1261 4845 ubi
