2886 5378
554 833 848 891 PIIOLEGOMENA.
1185 848 1253 896 XCV

156 1004 270 1078 batur:
294 1000 445 1067 validiore
465 997 550 1083 apud
573 1020 626 1062 eos
642 997 797 1073 Arminio,
816 998 941 1082 quando
956 998 1073 1064 bollum
1088 1001 1251 1068 suadebat.

156 1105 239 1170 Nam
263 1101 413 1178 barbaris,
441 1106 557 1185 quanto
584 1099 652 1183 quis
676 1098 809 1163 audacia
836 1108 1010 1184 promptus,
1037 1108 1127 1166 tanto
1153 1105 1253 1189 magis

156 1203 246 1287 fidus,
273 1205 424 1286 rebusque
449 1200 543 1264 motis
568 1199 670 1284 potior
698 1199 842 1264 habetur.
900 1199 1079 1266 Addiderat
1109 1204 1254 1288 Segestes

156 1306 267 1392 legatis
290 1303 397 1380 lilium,
421 1301 546 1365 nomine
570 1298 816 1385 Segimundum:
845 1300 899 1365 sed
915 1296 1041 1386 juvenis
1063 1303 1253 1369 conscientia

156 1404 384 1471 cunctabatur:
408 1403 522 1487 quippe
544 1423 635 1478 anno,
660 1423 720 1485 quo
736 1400 912 1465 Germania:
928 1401 1093 1483 descivere,
1109 1404 1253 1471 sacerdos

156 1507 242 1592 apud
271 1505 373 1570 Aram
402 1502 556 1566 Ubiorum
584 1509 716 1579 creatus,
746 1510 873 1585 ruperat
901 1503 1007 1579 vittas,
1032 1503 1182 1590 profugus
1211 1505 1253 1570 ad

157 1607 297 1673 rebelles.
342 1603 511 1669 Adductus
526 1610 632 1667 tamen
650 1601 682 1665 in
704 1624 791 1686 spem
814 1601 985 1666 clementias
1008 1603 1167 1683 Romanae,
1184 1628 1253 1691 per·

158 1708 231 1773 tulit
267 1706 367 1793 patris
405 1702 566 1778 mandata,
605 1701 798 1787 benigneque
828 1711 979 1788 exceptus
1012 1726 1083 1770 cum
1108 1706 1252 1791 pracsidio

158 1808 311 1874 Gallicam
335 1806 366 1871 in
388 1805 488 1890 ripam
505 1804 618 1869 missus
635 1810 693 1868 est.
739 1801 926 1867 Germanico
940 1805 1075 1889 pretium
1092 1806 1163 1886 fuit,
1181 1830 1253 1873 con-

157 1917 277 1975 vertere
313 1926 449 1992 agmen:
487 1911 720 1990 pugnatumque
758 1903 791 1966 in
833 1904 1021 1984 obsidentes,
1056 1913 1089 1970 et
1128 1915 1253 1992 ereptus

159 2009 302 2095 Segestes
316 2028 432 2092 magna
449 2027 520 2069 cum
543 2004 785 2089 propinquorum
807 2011 841 2068 et
862 2004 1023 2070 clientium
1046 2029 1151 2075 manu.
1198 2007 1253 2073 In-

156 2118 242 2175 erant
257 2107 382 2173 feminae
396 2105 526 2179 nobiles,
542 2105 624 2168 inter
639 2127 715 2189 quas
737 2127 818 2169 uxor
834 2104 979 2183 Arminii,
996 2107 1166 2192 eademque
1188 2107 1253 2174 filia

157 2209 304 2296 Segestis,
330 2206 437 2272 mariti
461 2205 561 2291 magis
587 2227 681 2288 quam
707 2205 845 2290 parentis
868 2205 983 2285 auimo,
997 2229 1097 2292 neque
1113 2208 1197 2273 victa
1217 2209 1251 2274 in

156 2309 309 2388 lacrimas,
324 2330 425 2392 neque
440 2328 515 2371 voce
528 2305 670 2391 supplex,
686 2304 868 2390 compressis
884 2306 967 2370 intra
980 2307 1082 2372 sinum
1098 2308 1251 2387 manibus,

155 2411 319 2497 gravidum
351 2418 476 2473 uterum
501 2407 637 2472 intuens.
701 2404 898 2471 Ferebantur
920 2414 952 2470 et
981 2407 1081 2492 spolia
1105 2407 1253 2475 Varianae

156 2510 263 2586 cladis,
294 2509 446 2595 plerisque
473 2530 590 2583 eorum,
620 2507 672 2590 qui
698 2514 767 2571 tum
794 2506 826 2571 in
856 2506 1046 2572 deditionem
1074 2508 1252 2585 veniebant,

156 2611 270 2696 praedae
292 2610 378 2674 data.
424 2607 524 2673 Simul
553 2606 698 2692 Segestes
720 2608 786 2692 ipse
810 2607 919 2691 ingens
940 2609 1017 2686 visu,
1045 2615 1077 2673 et
1102 2612 1253 2676 memoria

158 2712 247 2776 bonae
262 2708 419 2776 societatis
435 2707 611 2793 impavidus
622 2732 640 2794 ε,
654 2708 750 2773 verba
764 2704 831 2793 ejus
844 2708 876 2772 in
892 2708 975 2772 hunc
989 2709 1117 2774 modum
1132 2710 1228 2776 fuere.

209 2809 340 2877 LVIII.
363 2816 384 2846 “
397 2807 474 2874 Non
496 2808 547 2874 hic
570 2809 646 2872 mibi
668 2809 787 2892 primus
813 2831 887 2893 erga
907 2810 1055 2895 populum
1071 2809 1249 2877 Romanurn

157 2909 230 2977 fidei
254 2920 288 2977 et
311 2909 497 2976 constantiae
525 2908 611 2974 dies:
648 2931 689 2972 ex
715 2931 776 2993 quo
803 2931 824 2974 a
852 2909 924 2975 divo
950 2910 1097 2996 Augusto
1123 2912 1251 2978 civitate

156 3011 290 3078 donatus
303 3033 383 3088 sum,
395 3009 512 3077 amicos
526 3009 727 3093 inimicosque
743 3032 782 3073 ex
797 3010 908 3074 vestris
923 3011 1114 3077 utilitatibus
1129 3012 1249 3098 delegi:

157 3135 256 3198 neque
283 3112 357 3177 odio
384 3109 494 3196 patriae
521 3109 649 3195 (quippe
677 3110 860 3194 proditores,
888 3111 984 3176 etiam
1008 3111 1047 3177 iis
1068 3135 1144 3196 quos
1158 3122 1249 3178 ante·

157 3223 286 3298 ponunt,
309 3212 401 3278 invisi
425 3212 525 3293 sunt),
544 3232 652 3275 verum
670 3211 743 3294 quia
759 3210 911 3277 Romanis
928 3210 1152 3297 Germanisque
1167 3213 1250 3279 idem

156 3315 351 3387 conducere:
379 3319 411 3377 et
429 3334 547 3396 pacem,
564 3334 657 3395 quam
673 3311 789 3375 bellum
811 3310 990 3396 probabam.
1043 3312 1129 3398 Ergo
1143 3322 1251 3399 rapto-

156 3437 222 3479 rem
249 3413 321 3479 liliae
350 3435 436 3491 meae,
470 3410 652 3476 violatorem
683 3410 805 3476 foederis
829 3412 925 3477 vestri
950 3413 1140 3490 Arminium,
1165 3415 1251 3500 apud

157 3512 290 3592 Varum,
323 3513 376 3597 qui
417 3520 485 3577 tum
513 3511 664 3577 exercitui
692 3511 888 3596 praesidebat,
912 3535 1000 3577 reum
1023 3512 1100 3578 feci:
1134 3514 1250 3581 dilatus

156 3615 290 3701 segnitia
311 3613 410 3688 ducis,
434 3613 506 3697 quia
529 3635 639 3697 parum
661 3612 795 3697 praesidii
810 3613 842 3676 in
858 3613 977 3697 legibus
993 3621 1069 3690 erat,
1085 3622 1121 3679 ut
1136 3637 1198 3690 me,
1217 3624 1250 3680 et

156 3713 345 3791 Arminium,
374 3722 407 3778 et
431 3713 569 3778 conscios
594 3712 736 3792 vinciret,
762 3709 911 3797 flagitavi.
972 3714 1075 3780 Testis
1097 3715 1151 3779 illa
1174 3738 1249 3792 nox,

155 3816 232 3881 mihi
259 3815 383 3881 utinam
408 3813 512 3899 potius
540 3812 730 3877 novissima!
794 3813 871 3895 Quae
897 3823 1005 3880 secuta
1031 3824 1113 3893 sunt,
1141 3813 1247 3881 defleri

154 3916 264 4001 magis,
295 3938 389 3999 quam
428 3913 553 3979 defendi
588 3920 738 3998 possunt:
778 3921 915 3978 ceterum
943 3923 976 3981 et
1003 3912 1095 4000 injeci
1124 3924 1250 3981 catenas

154 4014 309 4094 Arminio,
330 4025 362 4081 et
388 4039 408 4080 a
431 4014 565 4079 factione
590 4012 657 4099 ejus
679 4012 809 4101 injectas
832 4037 994 4099 perpessus
1016 4037 1097 4080 sum.
1141 4017 1250 4100 Atque

155 4115 209 4180 ubi
232 4116 367 4201 primum
391 4115 438 4181 tui
464 4114 562 4199 copia,
586 4121 695 4179 uetera
717 4114 815 4191 novis,
838 4122 871 4178 et
894 4116 1000 4198 quieta
1015 4114 1147 4181 turbidis
1161 4126 1249 4182 ante-

154 4215 275 4281 habeo:
301 4239 401 4300 neque
426 4215 466 4280 ob
492 4214 665 4300 praemium,
691 4214 747 4278 sed
769 4222 806 4279 ut
834 4237 885 4279 me
911 4214 1040 4300 pertidia
1066 4217 1247 4293 exsolvam:

153 4316 245 4382 simul
262 4317 350 4402 genti
372 4315 599 4381 Germanorum
623 4313 753 4379 idoneus
775 4315 963 4394 conciliator,
986 4315 1012 4381 si
1034 4317 1249 4402 paenitentiam

153 4440 246 4500 quam
264 4416 432 4503 perniciem
456 4414 612 4479 maluerit.
665 4414 728 4479 Pro
737 4412 872 4500 juventa
887 4424 919 4480 et
937 4438 1040 4481 errore
1055 4414 1110 4482 lilii
1125 4418 1248 4483 ueniam

151 4540 282 4604 precor:
311 4515 407 4582 liliam
431 4514 615 4581 necessitate
638 4515 699 4580 huc
726 4515 897 4580 adductam
920 4516 1040 4582 fateor:
1075 4525 1165 4582 tuum
1191 4519 1250 4584 erit

151 4617 337 4694 consultare,
360 4624 468 4682 utrum
493 4615 673 4700 praevaleat,
689 4615 772 4701 quod
798 4639 839 4682 ex
863 4617 1006 4682 Arminio
1032 4619 1183 4703 concepit,
1208 4641 1247 4682 an

151 4718 236 4802 quod
262 4742 303 4784 ex
321 4742 372 4784 me
396 4717 503 4804 genita
528 4715 607 4780 est.”
658 4716 771 4795 Caesar,
797 4717 941 4781 clementi
965 4740 1121 4805 responso,
1146 4718 1250 4783 liberis

150 4818 390 4905 propinquisque
415 4815 482 4903 ejus
503 4815 761 4895 incolumitatem,
785 4816 844 4902 ipsi
866 4817 971 4883 sedem
986 4818 1115 4899 Vetera,
1130 4819 1162 4883 in
1177 4841 1251 4905 pro-
