2886 5378
572 800 855 857 EPILEGOMENA.
1208 809 1255 855 xv

157 966 236 1030 duas
252 964 432 1031 audaciores
451 963 626 1048 Lampeto*
643 971 676 1025 et
693 960 884 1047 Marpesiam
900 960 1088 1046 principatui
1105 961 1257 1046 subroga-

155 1075 237 1130 runt.
284 1067 361 1148 Qum
390 1065 465 1128 dum
492 1086 598 1128 curam
624 1070 747 1147 gerunt,
774 1069 810 1126 ut
838 1061 962 1146 propria
989 1060 1202 1138 defenderent,
1222 1071 1255 1126 et

155 1168 256 1231 aliena
271 1172 440 1238 vastarent,
459 1165 569 1229 sortito
588 1163 740 1248 Lampeto
756 1162 881 1239 restitit,
898 1160 975 1227 fines
991 1161 1109 1248 patrios
1127 1162 1255 1226 tuendo.

159 1268 319 1351 Marpesia
333 1290 406 1330 vero
429 1265 613 1329 feminarum
630 1263 754 1348 agmine
771 1271 905 1347 sumpto,
921 1286 1038 1327 novum
1054 1286 1152 1348 genus
1168 1286 1256 1327 exer·

157 1368 239 1432 citus
254 1368 345 1432 duxit
361 1367 392 1429 in
411 1366 533 1440 Asiam,
550 1364 749 1448 diversasque
774 1374 884 1448 gentes
906 1363 987 1428 bello
1002 1385 1160 1448 superans,
1177 1363 1256 1429 alias

156 1491 230 1532 vero
247 1490 322 1552 pace
334 1466 510 1542 concilians,
520 1464 560 1528 ad
576 1464 750 1530 Caucasum
762 1465 866 1528 venit:
886 1465 989 1548 ibique
1002 1473 1120 1528 certum
1131 1473 1256 1548 tempus

157 1568 332 1646 demorans,
343 1568 411 1632 loco
420 1589 534 1631 nomen
544 1565 640 1642 dedit,
653 1565 774 1630 Saxum
788 1564 965 1649 Marpesia.
990 1564 1254 1650 UndeVirgilins,

358 1728 375 1757 ‘⁴
386 1727 471 1792 Quam
484 1725 505 1778 si
520 1723 583 1777 dura
596 1723 662 1776 silex
675 1733 720 1776 aut
732 1733 783 1777 stet
796 1723 926 1795 Marpesia
938 1722 1055 1776 cautes.”

159 1873 197 1936 In
213 1895 248 1937 eo
264 1872 331 1936 loco
346 1871 401 1936 ubi
416 1879 485 1956 post
502 1871 568 1933 haec
583 1868 765 1933 Alexander
781 1867 918 1952 Magnus
933 1877 1039 1953 portas
1055 1871 1255 1949 constituens,

159 1973 257 2059 Pylas
279 1971 408 2056 Caspias
431 1969 621 2035 nominavit:
647 1968 729 2052 qnod
751 1989 833 2033 nunc
858 1967 1010 2033 Lazarum
1027 1993 1104 2055 gens
1120 1971 1256 2036 custodit

158 2096 214 2159 pro
230 2072 402 2137 munitione
416 2070 570 2135 Romana.
617 2067 680 2133 Hic
695 2091 769 2153 ergo
783 2076 903 2133 certum
918 2071 1067 2154 temporis
1080 2071 1257 2137 Amazones

158 2180 391 2237 commanentes
414 2171 596 2235 confortate
619 2179 703 2234 sunt.
749 2168 845 2233 Unde
867 2192 1008 2254 egressae,
1032 2178 1065 2234 et
1081 2171 1179 2257 Alym
1195 2169 1251 2237 flu·

159 2274 255 2348 vium,
271 2273 323 2356 qni
335 2269 432 2358 juxta
447 2271 623 2355 Gargarum
646 2269 806 2334 civitatem
829 2267 1020 2354 praeterfluit,
1044 2280 1254 2346 transeuntes,

161 2373 357 2446 Armeniam,
374 2370 508 2457 Syriam,
535 2368 749 2455 Ciliciamque,
775 2367 945 2444 Galatiam,
971 2370 1133 2449 Pisidiam,
1158 2374 1256 2438 omni·

159 2496 238 2557 aquo
255 2473 340 2537 Asiae
355 2471 480 2556 oppida,
496 2493 586 2554 aequa
599 2469 749 2535 felicitate
767 2469 972 2535 domuerunt:
999 2471 1133 2548 Ionium,
1150 2472 1254 2537 AEoli·

159 2596 271 2656 amque
303 2594 468 2649 conversae,
494 2570 618 2635 deditas
649 2570 708 2634 sibi
743 2570 916 2655 provincias
951 2571 1128 2637 effecerunt.
1189 2573 1254 2639 Ubi

159 2672 277 2738 diutius
292 2672 497 2748 dominantes,
516 2670 610 2736 etiam
628 2670 772 2736 civitates
789 2678 950 2754 castraque
965 2694 1021 2737 suo
1036 2673 1152 2738 nomini
1171 2674 1256 2740 dica·

159 2782 280 2839 verunt.
328 2772 444 2858 Ephesi
459 2794 579 2856 quoque
593 2771 745 2856 templum
761 2770 884 2842 Diana,
899 2770 938 2835 ob
956 2771 1126 2857 sagittandi
1141 2797 1255 2839 venan-

160 2874 253 2958 dique
275 2873 423 2950 studium,
447 2873 559 2956 quibus
580 2895 612 2936 se
634 2872 755 2937 artibus
777 2871 988 2949 tradidissent,
1007 2872 1112 2939 effusis
1133 2875 1254 2959 opibus,

159 2975 246 3038 mirae
262 2973 501 3058 pulchritudinis
517 2971 734 3038 condiderunt.
780 2971 850 3037 Tali
873 2995 946 3058 ergo
972 2971 1129 3059 Scythicae
1151 2977 1254 3060 gentis

159 3075 281 3139 feminae
297 3096 370 3139 casu
386 3074 471 3138 Asiae
488 3095 582 3158 regno
597 3072 717 3158 potitae,
734 3096 789 3159 per
803 3081 928 3137 centum
944 3095 1021 3158 pene
1036 3096 1133 3141 annos
1148 3085 1255 3142 tenue-

159 3184 242 3250 runt,
270 3181 302 3239 et
331 3174 375 3239 sic
401 3174 525 3239 demum
551 3173 593 3238 ad
621 3173 760 3259 proprias
784 3174 883 3238 socias
897 3173 929 3237 in
944 3182 1051 3240 cautes
1070 3175 1252 3262 Marpesias,

159 3298 235 3359 quas
250 3275 390 3361 superins
417 3275 563 3350 diximus,
583 3273 781 3359 repedarunt,
809 3273 841 3338 in
865 3284 1003 3338 montem
1029 3275 1146 3341 scilicet
1171 3277 1254 3342 Cau·

159 3398 275 3441 casum.
317 3373 413 3462 Cujus
425 3375 550 3451 montis,
567 3374 639 3458 quia
652 3374 737 3439 facta
751 3375 864 3438 itemm
880 3374 998 3439 mentio
1013 3385 1072 3451 est,
1088 3400 1148 3441 non
1165 3378 1205 3442 ab
1220 3401 1252 3442 re

159 3476 293 3540 arbitror
308 3475 373 3560 ejus
388 3483 524 3539 tractum
541 3476 695 3558 situmque
722 3474 904 3548 describere,
932 3475 1056 3559 quando
1082 3478 1253 3542 maximam

160 3586 281 3660 partem
304 3576 386 3641 orbis
407 3575 545 3640 noscitur
567 3575 695 3638 circuire
711 3572 791 3661 jugo
817 3574 974 3639 continuo.
1034 3575 1190 3642 Caucasus
1212 3579 1252 3642 ab

162 3676 271 3739 Indico
295 3676 374 3740 mari
402 3696 626 3760 surgensque
651 3674 812 3740 meridiem
833 3675 968 3759 respicit,
997 3676 1061 3740 sole
1086 3687 1254 3762 vaporatus

160 3775 305 3841 ardescit.
357 3776 428 3857 Qua
449 3773 650 3860 septentrioni
678 3782 777 3860 patet,
802 3775 974 3860 rigentibus
998 3777 1097 3842 ventis
1127 3787 1174 3842 est
1200 3779 1254 3844 ob

162 3877 274 3940 noxius
296 3883 330 3943 st
351 3875 479 3961 pruinis.
531 3875 611 3939 Mox
632 3875 665 3938 in
688 3875 813 3960 Syriam
836 3890 964 3939 curvato
979 3876 1093 3961 angulo
1108 3875 1252 3956 reflexus,

162 3976 234 4040 licet
257 3976 395 4040 amnium
419 3974 567 4060 plurimos
589 3974 725 4053 emittat,
747 3975 779 4039 in
799 3975 950 4040 Asianam
973 3986 1078 4040 tamen
1096 3978 1252 4062 regionem

163 4077 327 4140 Eufratem
350 4076 530 4161 Tigrimque
552 4077 724 4160 navigeros
745 4075 785 4141 ad
805 4076 981 4161 opinionem
997 4077 1167 4142 maximam
1183 4103 1251 4164 per·

160 4178 285 4240 ennium
310 4177 454 4250 fontium,
471 4175 603 4262 copiosis
624 4175 728 4239 fundit
749 4177 906 4242 uberibus.
951 4177 1012 4259 Qui
1037 4178 1252 4263 amplexantes

161 4285 258 4341 terras
275 4278 487 4363 Assyriorum,
506 4277 765 4360 Mesopotamiam
780 4277 927 4362 appellari
942 4277 1073 4354 faciunt,
1086 4287 1118 4343 et
1134 4281 1250 4358 videri,

161 4378 193 4442 iu
217 4378 318 4442 sinum
342 4379 435 4443 maris
459 4377 558 4441 Rubri
582 4374 700 4441 fluenta
720 4376 919 4463 deponentes.
967 4379 1055 4443 Tunc
1077 4379 1109 4444 in
1126 4380 1252 4446 boream

162 4487 328 4558 revertens,
345 4477 491 4566 Scythias
508 4486 618 4554 terras,
638 4474 751 4563 jugum
774 4479 949 4543 antefatum
975 4481 1097 4565 magnis
1122 4478 1254 4548 flexibus

161 4589 364 4665 pervagatur:
389 4586 483 4663 atque
508 4578 624 4643 ibidem
652 4578 867 4662 opinatissima
891 4576 1021 4645 flumina
1045 4582 1076 4646 in
1106 4581 1252 4668 Caspium

160 4703 246 4744 mare
261 4680 458 4766 profundens,
477 4677 627 4755 Araxem,
644 4676 787 4764 Cyssum,
810 4688 841 4742 et
865 4678 1051 4767 Cambysen,
1073 4683 1254 4747 continuato

291 4808 304 4831 ⁴
319 4806 383 4859 This
394 4806 416 4859 is
425 4805 468 4858 the
481 4823 556 4858 name
566 4805 594 4857 oi
603 4823 651 4858 one
663 4806 692 4858 ol
701 4805 745 4858 the
758 4807 872 4876 rirngoes
884 4806 913 4858 ol
922 4806 966 4860 the
981 4806 1131 4876 lysistratus.

275 4956 607 5065 t·-
