2858 5310
216 801 235 846 c
485 795 562 850 THE
585 795 768 851 GERMANI
794 793 843 849 OF
867 796 1033 851 nacluus.

216 957 299 1021 iutra
316 957 440 1033 vallum,
464 956 562 1020 donec
586 956 786 1041 expugnandi
809 955 916 1021 hostes
939 980 1002 1041 spe,
1022 957 1148 1041 propius
1164 955 1312 1021 succede·

219 1066 307 1120 rent:
335 1080 410 1121 mox
432 1058 568 1141 undique
591 1055 834 1140 erumpendum:
862 1056 916 1120 illa
930 1058 1091 1141 emptione
1108 1056 1150 1121 ad
1165 1057 1311 1121 Rhenum

217 1158 390 1242 perveniri:
415 1157 498 1241 quod
522 1159 547 1221 si
572 1157 724 1242 fugerent,
749 1155 853 1241 plures
880 1157 984 1234 silvas,
1013 1157 1183 1242 profundas
1213 1159 1312 1243 magis

217 1258 356 1343 paludes,
385 1258 537 1322 saevitiam
565 1258 702 1322 hostium
729 1279 906 1342 superesse:
943 1266 978 1321 at
1004 1258 1173 1322 victoribus
1206 1258 1310 1334 decus,

215 1358 366 1442 gloriam:
396 1382 462 1443 qua
478 1358 563 1423 domi
589 1380 670 1432 cara,
695 1379 763 1441 quae
789 1358 821 1421 in
836 1357 946 1422 castris
960 1357 1121 1434 honesta,”
1136 1367 1309 1422 memorat:

217 1458 342 1523 reticuit
366 1459 405 1522 de
429 1458 576 1523 adversis.
628 1457 734 1543 Equos
761 1457 882 1534 dehinc,
898 1480 986 1522 orsus
1010 1481 1031 1521 a
1050 1457 1122 1536 suis,
1137 1456 1312 1543 legatorum

217 1559 472 1642 tribunorumque
507 1559 592 1623 nulla
627 1558 807 1634 ambitione,
837 1557 1004 1622 fortissimo
1031 1559 1141 1640 cuique
1168 1559 1311 1624 bellatori

217 1659 326 1731 tradit,
342 1669 379 1724 ut
394 1661 436 1736 hi,
455 1682 529 1722 mox
547 1659 652 1744 pedes,
668 1659 699 1722 iu
714 1658 837 1722 hostem
851 1657 1043 1722 invaderent.

263 1758 430 1823 LXVIII.
456 1759 554 1823 Haud
578 1760 680 1824 miuus
709 1757 829 1842 inquies
854 1757 1037 1834 Germanus,
1059 1781 1124 1843 spe,
1154 1758 1310 1845 cupidine,

218 1867 251 1922 et
287 1860 415 1924 diversis
454 1860 568 1924 ducum
604 1859 768 1924 sententiis
793 1859 925 1942 agebat:
959 1859 1113 1935 ArmInio,
1144 1861 1311 1923 “sinerent

219 1960 334 2045 egredi,
358 1983 555 2045 egressosque
577 1983 699 2025 rursum
722 1982 777 2044 per
798 1959 927 2023 humida
949 1967 981 2023 et
1002 1959 1157 2044 impedita
1181 1960 1312 2023 circum-

218 2061 391 2139 venirent,''
413 2060 582 2126 suadente:
607 2061 761 2125 atrociora
783 2059 991 2145 Inguiomero,
1007 2068 1039 2123 et
1061 2060 1138 2124 laeta
1159 2059 1310 2134 barbaris,

219 2167 238 2197 ‘⁶
250 2168 286 2224 ut
295 2162 412 2226 vallum
421 2162 515 2226 armis
529 2161 703 2225 ambirent:
727 2168 904 2245 promptam
919 2161 1192 2245 expugnationem,
1208 2161 1312 2245 plures

218 2262 367 2346 captivos,
383 2263 593 2347 incorruptam
617 2261 753 2346 praedam
781 2259 878 2324 lore.''
930 2259 1033 2344 Igitur
1059 2269 1129 2324 orta
1155 2261 1214 2338 die,
1240 2283 1312 2345 pro·

217 2370 313 2427 ruunt
327 2363 433 2440 fossas,
450 2360 592 2448 injiciunt
607 2371 718 2437 crates,
733 2383 855 2425 summa
870 2360 943 2424 valli
958 2368 1116 2445 prensant,
1135 2384 1205 2425 raro
1219 2383 1311 2445 super

218 2462 328 2537 milita,
353 2471 385 2527 et
411 2464 498 2548 quasi
523 2463 564 2526 ob
590 2476 709 2527 metum
734 2459 847 2525 defixo.
892 2460 1066 2546 Postquam
1081 2460 1197 2526 haesere
1211 2461 1311 2526 muni-

218 2564 341 2641 mentis,
367 2565 460 2628 datur
491 2563 669 2628 cohortibus
703 2562 836 2647 signum,
865 2583 1039 2644 cornuaque
1066 2583 1103 2626 ac
1129 2562 1213 2626 tnbae
1239 2584 1311 2626 con·

218 2664 360 2727 cinuere:
385 2664 457 2727 exin
480 2664 614 2727 clamore
636 2672 668 2726 et
691 2663 810 2747 impetu
827 2660 923 2746 tergis
938 2660 1162 2725 Germanorum
1180 2663 1312 2728 circum-

218 2762 390 2827 funduntur
418 2764 651 2847 exprobrantes,
681 2769 772 2825 “non
790 2763 841 2826 hic
867 2761 969 2839 silvas,
1000 2784 1057 2825 nec
1089 2763 1227 2846 paludes,
1256 2762 1312 2828 sed

218 2863 312 2946 aequis
332 2863 407 2928 locis
422 2885 524 2946 requos
539 2862 643 2926 deos.”
688 2861 793 2939 Hosti,
809 2862 899 2925 facile
916 2862 1081 2939 excidium,
1100 2871 1133 2926 et
1148 2886 1263 2947 paucos
1280 2870 1312 2927 et

218 2985 384 3027 semermos
406 2963 567 3048 cogitanti,
591 2985 684 3026 sonus
705 2962 862 3037 tubarum,
886 2962 987 3045 fulgor
1009 2984 1175 3043 armorum,
1193 2962 1318 3048 quanto

217 3063 352 3147 inopina,
384 3071 473 3127 tanto
503 3061 621 3148 majora
644 3049 867 3136 offunduntur:
905 3063 1128 3146 cadebantque,
1154 3071 1190 3128 ut
1218 3066 1311 3132 rebus

217 3163 360 3227 secundis
373 3163 467 3238 avidi,
480 3163 527 3225 ita
540 3162 677 3227 adversis
691 3162 818 3226 incauti.
864 3163 1026 3227 Arminius
1041 3163 1170 3248 Integer,
1187 3164 1312 3250 Inguio-

218 3286 322 3329 merus
344 3273 414 3348 post
435 3285 529 3349 grave
551 3262 671 3341 vulnus,
699 3285 835 3348 pugnam
859 3264 1042 3338 deseruere;
1077 3265 1189 3349 vulgus
1216 3268 1311 3331 truci-

219 3364 330 3429 datum
361 3374 419 3440 est,
451 3363 548 3427 donec
577 3363 623 3428 ira
652 3372 684 3427 et
715 3362 781 3427 dies
812 3366 990 3447 permansit.
1052 3363 1153 3427 Nocte
1185 3366 1311 3431 demum

217 3488 345 3530 reversa
368 3465 513 3551 legiones,
546 3464 687 3549 quamvis
718 3463 787 3548 plus
820 3464 994 3539 vulnerum,
1030 3463 1139 3528 eadem
1171 3465 1311 3536 ciborum

217 3580 338 3650 egestas
361 3567 519 3651 fatigaret,
546 3565 619 3642 vim,
645 3564 821 3640 sanitatem,
848 3564 961 3648 copias,
986 3572 1100 3628 cuncta
1122 3564 1154 3628 in
1180 3566 1312 3632 victoria

217 3665 360 3730 habuere.

263 3764 397 3829 LXIX.
421 3766 607 3831 Pervaserat
622 3765 747 3829 interim
764 3773 785 3801 “
798 3764 1000 3829 circumventi
1018 3766 1175 3832 exercitus
1183 3765 1201 3795 ’¹
1216 3766 1310 3845 fama,

217 3874 250 3929 et
266 3866 407 3931 “infesto
424 3867 650 3931 Germanorum
666 3865 789 3950 agmine
805 3864 924 3929 Gallias
945 3866 1010 3950 pati
1024 3891 1031 3928 :
1043 3866 1063 3891 ”
1086 3889 1123 3930 ac
1145 3868 1177 3931 ui
1195 3867 1311 3952 Agrip-
1371 3915 1378 3924 .

216 3965 290 4050 pina
313 3966 492 4052 impositum
521 3966 631 4029 Rheno
658 3974 783 4050 pontem
808 3965 884 4030 solvi
909 3966 1126 4050 prohibuisset,
1146 3977 1236 4031 eraut
1259 3968 1311 4051 qni

216 4065 248 4128 id
274 4064 427 4152 flagitium
450 4066 613 4131 formidine
638 4065 807 4130 auderent:
846 4065 900 4131 sed
924 4066 1039 4130 femina
1065 4067 1173 4152 iugens
1203 4068 1309 4145 animi,

216 4166 322 4230 munia
339 4167 427 4233 ducis
449 4190 502 4253 per
524 4188 576 4230 eos
599 4164 664 4230 dies
689 4165 802 4244 induit,
818 4166 1029 4250 militibusque
1053 4175 1089 4231 nt
1118 4169 1186 4251 quis
1210 4169 1309 4253 inops,

214 4273 270 4329 aut
298 4267 431 4347 saueius,
464 4274 580 4331 vestem
611 4274 643 4329 et
672 4265 811 4330 fomenta
841 4266 988 4351 dilargita
1019 4276 1076 4332 est.
1134 4267 1245 4333 Tradit
1271 4268 1308 4334 (l.

215 4364 345 4443 Plinius,
364 4367 618 4432 Germanicomm
641 4366 791 4430 bellorum
815 4367 957 4451 scriptor,
974 4368 1096 4432 stetisse
1113 4368 1205 4452 apud
1226 4369 1310 4454 prin·

214 4465 330 4551 cipium
351 4468 464 4552 pontIs,
480 4465 587 4531 landes
609 4474 641 4530 et
662 4475 768 4551 grates
789 4467 919 4532 reversis
941 4467 1113 4552 legionibus
1128 4468 1309 4535 habentem.

215 4565 254 4630 Id
270 4565 386 4632 Tiberii
407 4567 546 4632 animum
571 4565 666 4630 altius
690 4568 875 4651 penetravit.
923 4568 1025 4632 “Non
1048 4569 1130 4635 enim
1153 4570 1310 4654 simplices

211 4688 265 4732 aas
288 4688 396 4733 curas:
420 4690 478 4733 neo
503 4665 652 4732 adversus
678 4674 825 4732 externos
851 4668 982 4733 militem
1007 4669 1123 4751 quaeri:
1155 4669 1231 4735 nihil
1259 4693 1310 4734 re-

73 4792 186 5024 x
209 4766 319 4832 lictum
339 4767 587 4854 imperatoribus,
603 4767 656 4831 ubi
680 4765 795 4832 femina
822 4768 997 4853 manipulos
1021 4767 1195 4845 intervisat,
1219 4771 1309 4855 signa
