2886 5378
568 806 861 863 PROLEGOMENA.
1165 793 1260 862 xcvii

162 977 374 1055 quantumque
400 970 554 1035 Amisiam
578 978 610 1033 et
641 968 794 1052 Luppiam
823 990 930 1033 amnes
959 969 1052 1046 inter,
1079 977 1254 1044 vastatum:

161 1071 247 1136 haud
269 1071 376 1156 procul
399 1069 659 1155 Teutoburgiensi
681 1069 772 1146 saltu,
790 1068 822 1131 in
845 1090 906 1151 quo
927 1068 1063 1152 reliquiae
1081 1069 1160 1134 Vari
1183 1070 1259 1155 legi-

163 1195 319 1255 anumque
335 1172 497 1255 insepultae
514 1170 705 1234 dicebantur.

207 1272 301 1340 LXI.
327 1271 428 1356 Igitur
464 1270 576 1356 cupido
602 1270 758 1334 Oaesarem
789 1268 910 1332 invadit
938 1268 1077 1334 solvendi
1112 1293 1257 1355 suprema

162 1372 321 1450 militibus,
338 1371 491 1455 ducique:
517 1380 657 1456 permoto
682 1369 724 1433 ad
751 1369 981 1433 miserationem
1003 1371 1097 1447 omni,
1122 1372 1173 1455 qui
1200 1372 1256 1435 ad·

162 1481 241 1548 erat,
268 1473 417 1548 exercitu,
444 1471 485 1535 ob
511 1470 706 1556 propinquos,
734 1469 859 1545 amieos,
885 1470 1017 1553 denique
1032 1471 1072 1534 ob
1087 1494 1176 1536 casus
1191 1472 1257 1536 bel-

162 1573 261 1636 lorum
289 1583 320 1637 et
348 1581 464 1637 sortem
487 1570 658 1635 hominum.
719 1569 884 1634 Praemisso
911 1570 1043 1647 Gaeeina,
1071 1581 1106 1636 ut
1134 1573 1256 1638 occulta

161 1672 296 1738 saltuum
323 1679 525 1748 scrutaretur,
542 1685 711 1756 pontesque
727 1679 759 1734 et
774 1692 902 1754 aggeres
915 1670 1043 1734 humido
1059 1671 1207 1756 paludum
1223 1683 1255 1737 et

159 1773 320 1839 fallacibus
335 1773 452 1858 campis
467 1772 648 1857 imponeret,
664 1770 812 1834 incedunt
829 1779 953 1835 moestos
968 1771 1060 1846 locos,
1076 1773 1203 1857 visuque
1218 1797 1255 1839 ac

159 1875 309 1938 memoria
333 1874 497 1938 deformes.
543 1872 652 1936 Prima
671 1870 746 1934 Vari
772 1879 884 1946 castra,
904 1871 967 1935 lato
991 1871 1121 1950 ambitu,
1147 1883 1179 1938 et
1206 1874 1252 1938 di·

159 1975 272 2040 mensis
299 1974 466 2059 principiis,
492 1973 586 2037 trium
617 1954 772 2056 legionum
799 1992 909 2034 munus
937 1973 1156 2037 ostentabant:
1182 1974 1252 2038 dein

159 2075 307 2140 semiruto
322 2074 413 2152 vallo,
438 2073 549 2138 humili
575 2072 668 2145 fossa,
694 2072 801 2136 accisa
824 2068 894 2156 jam
919 2072 1054 2154 reliquia
1080 2075 1252 2139 consedisse

157 2174 431 2261 intelligebantur:
456 2174 559 2238 medio
583 2172 684 2257 campi
706 2171 844 2236 albentia
872 2194 952 2245 ossa,
978 2181 1013 2235 nt
1039 2173 1192 2259 fugerant,
1215 2185 1252 2239 nt

157 2276 348 2348 restiterant,
390 2272 521 2361 disjecta
564 2273 613 2338 vel
653 2282 820 2358 aggerata:
869 2269 1055 2355 adjacebant
1098 2274 1252 2359 frangna

158 2377 299 2449 telorum,
323 2398 533 2459 equorumque
557 2383 653 2451 artus,
681 2373 772 2437 simul
795 2372 913 2437 truncis
940 2372 1084 2436 arborum
1113 2373 1251 2439 antefixa

158 2498 232 2550 ora;
256 2476 333 2540 lucis
357 2475 534 2560 propinquis
562 2475 700 2538 barbarae
725 2496 796 2548 arae,
824 2471 908 2557 apud
935 2495 1012 2555 quas
1037 2473 1186 2549 tribunos,
1213 2498 1250 2540 ac

157 2576 328 2660 primorum
350 2575 492 2640 ordinum
518 2574 711 2639 centuriones
735 2579 968 2636 mactaverant:
1005 2581 1037 2636 et
1063 2573 1160 2638 eladis
1185 2574 1251 2661 ejus

158 2675 342 2760 superstites
355 2699 490 2762 pugnam
510 2687 566 2739 aut
590 2674 713 2738 vincula
736 2672 842 2757 elapsi,
871 2672 1059 2749 referebant,
1077 2674 1158 2738 “hio
1172 2678 1250 2740 ceci-

158 2775 240 2841 disse
266 2775 405 2860 legatos;
428 2777 491 2841 illie
516 2788 621 2860 raptas
644 2774 782 2858 aquilas3
807 2772 941 2858 primum
966 2773 1019 2837 ubi
1036 2775 1146 2839 vulnus
1162 2775 1250 2841 Varo

77 2914 84 2927 ·
156 2876 326 2949 adactum:
350 2876 405 2941 ubi
432 2876 545 2941 infelici
572 2876 693 2952 dextra,
717 2884 749 2938 et
773 2896 829 2938 suo
851 2873 914 2937 ictu
931 2882 1062 2938 mortem
1077 2876 1246 2941 invenerit:

155 3000 216 3060 qno
243 2977 391 3041 tribunali
416 2977 616 3041 concionatus
631 2975 817 3047 Arminius;
842 2982 917 3057 quot
944 2975 1084 3058 patibula
1106 2978 1247 3061 captivis,

154 3100 222 3161 quar
231 3077 377 3152 scrobes;
402 3086 498 3160 utque
513 3077 608 3162 signis
626 3084 657 3139 et
672 3075 784 3159 aquilis
797 3097 853 3158 per
868 3074 1045 3158 snperbiam
1061 3075 1233 3141 inluserit.''

200 3177 314 3243 LXII.
340 3177 442 3262 Igitur
467 3177 639 3251 Romanus,
678 3175 730 3259 qui
766 3175 884 3251 aderat,
922 3175 1086 3255 exercitus,
1122 3187 1247 3243 sextum

155 3288 225 3362 post
239 3278 337 3342 eladis
352 3300 479 3355 annum,
495 3277 589 3342 trium
606 3277 760 3362 legionum
776 3298 854 3359 ossa,
871 3274 956 3338 nullo
971 3286 1116 3339 noscente
1131 3278 1248 3344 alienas

154 3378 298 3462 reliquias
323 3401 363 3442 an
388 3401 513 3443 suorum
539 3378 634 3440 humo
658 3383 790 3461 tegeret,
814 3397 921 3439 omnes
944 3383 979 3438 ut
1005 3374 1194 3461 conjunctos,
1212 3388 1247 3442 ut

154 3479 407 3564 consanguineos,
425 3492 518 3543 aucta
543 3478 576 3540 iu
603 3478 725 3541 hostem
753 3476 809 3550 ira,
834 3474 935 3538 moesti
963 3475 1054 3539 simul
1081 3485 1113 3540 et
1136 3477 1247 3543 infensi

155 3578 341 3644 condebant.
404 3579 546 3643 Primum
589 3576 778 3641 exstruendo
815 3574 935 3639 tumulo
961 3576 1109 3660 cespitem
1142 3575 1247 3643 Caesar

154 3679 269 3763 posuit,
283 3679 460 3764 gratissimo
476 3701 603 3742 munere
617 3677 649 3741 in
665 3676 841 3752 defunctos,
858 3685 889 3739 et
912 3676 1116 3759 praesentibus
1133 3678 1247 3743 doloris

153 3780 263 3844 socius.
309 3778 402 3860 Quod
417 3778 542 3844 Tiberio
557 3777 642 3842 haud
660 3777 845 3862 probatum;
871 3798 924 3840 seu
941 3784 1054 3840 cuncta
1070 3776 1247 3844 Germanici

153 3879 186 3942 in
211 3878 347 3944 deterius
372 3879 530 3952 trahenti:
559 3879 623 3943 sire
647 3877 819 3942 exercitum
841 3875 976 3960 imagine
994 3899 1142 3941 caesorum
1166 3880 1244 3945 inse·

153 3978 371 4063 pultorumque
385 3980 545 4044 tardatum
560 3978 600 4042 ad
617 3977 731 4064 proelia,
756 3987 787 4041 et
810 3975 1085 4041 formidolosiorem
1110 3979 1245 4044 hostium

153 4077 320 4154 credebat:
359 4089 490 4163 “neque
524 4080 744 4163 imperatorem
771 4085 925 4162 auguratu
961 4088 993 4140 et
1028 4080 1245 4146 vetustissimis

152 4178 335 4245 caenmouiis
348 4180 522 4265 praeditum,
539 4179 714 4243 adtrectare
728 4178 834 4242 feralia
849 4176 1021 4241 debuisse?

197 4279 331 4345 LXIII.
364 4280 426 4346 Sed
459 4280 663 4345 Germanicus
701 4279 862 4342 cedentem
898 4277 930 4340 in
966 4277 1037 4343 avia
1065 4279 1243 4346 Arminium

151 4390 285 4458 secutus,
311 4381 365 4445 nbi
391 4381 526 4466 primum
551 4381 641 4464 eopia
665 4380 734 4454 fuit,
758 4378 845 4442 evehi
873 4378 1000 4462 equites,
1028 4401 1243 4466 campumque,

151 4502 242 4563 quem
261 4480 360 4547 hostis
384 4481 550 4559 insederat,
576 4480 652 4565 eripi
662 4477 766 4565 jubet.
818 4479 980 4543 Arminius
998 4480 1099 4565 colligi
1116 4495 1244 4555 suaset

150 4581 356 4666 propinquare
379 4581 463 4646 silvis
485 4580 628 4658 monitos,
646 4580 738 4644 vertit
761 4588 909 4664 repente:
934 4602 1009 4644 mox
1031 4581 1152 4666 signnm
1175 4608 1243 4669 pro

150 4681 315 4768 rumpendi
339 4681 426 4747 dedit
451 4682 496 4758 iis,
522 4703 599 4766 quos
612 4704 667 4766 per
681 4681 779 4745 saltus
793 4680 1016 4745 occultaverat.
1060 4681 1148 4746 Tunc
1164 4708 1244 4749 nova

149 4781 216 4846 acie
230 4783 376 4849 turbatus
389 4805 493 4868 eques,
509 4782 670 4866 missaque
685 4780 877 4848 subsidiariae
899 4781 1051 4858 cohortes,
1070 4792 1101 4847 et
1122 4782 1242 4868 fugien-

1064 4883 1084 4945 Ιι
