2886 5378
738 101 751 121 ill

198 862 315 933 lxxxii
471 875 547 930 rna
570 874 754 931 ananius
775 875 1014 932 orulcrrus.

197 1046 355 1101 extremos
370 1034 447 1102 lines
457 1059 523 1102 scae
539 1036 709 1123 recepisse:
734 1036 843 1102 silvam
857 1059 922 1102 esse
939 1036 981 1102 ibi
997 1035 1118 1102 infinita
1134 1037 1289 1124 magnitn·

196 1136 279 1215 dine,
295 1160 363 1221 quac
379 1138 555 1223 adpellatnr
569 1137 710 1215 Bacenis,
724 1137 804 1202 hanc
816 1138 906 1223 longe
915 1139 1067 1204 introrsus
1078 1138 1231 1223 pertinere
1244 1146 1286 1215 et,

197 1260 253 1323 pro
270 1238 377 1302 nativo
393 1261 483 1302 muro
498 1236 662 1325 objectam,
675 1238 847 1303 Cheruscos
860 1238 901 1302 ab
919 1237 1039 1315 Suavis,
1054 1238 1232 1323 Suevosque
1246 1240 1287 1303 ab

197 1337 370 1417 Cheruscis,
388 1336 508 1425 injuriis
521 1338 805 1424 incursionibusque
822 1339 1001 1424 prohibere:
1026 1339 1068 1403 ad
1083 1337 1149 1424 ejus
1164 1340 1287 1404 initium

197 1439 282 1505 silvae
298 1438 418 1504 Suevos
432 1438 602 1505 adventum
617 1438 830 1504 Romanorum
844 1448 1025 1525 exspectare
1040 1440 1268 1505 constituisse.”

240 1540 307 1605 XI.
331 1540 486 1622 Quoniam
507 1539 549 1605 ad
573 1542 656 1605 hunc
673 1541 777 1606 locum
791 1548 975 1624 perventum
995 1548 1053 1618 est,
1069 1563 1131 1605 non
1152 1541 1288 1606 alienum

198 1663 264 1706 csse
286 1641 420 1720 videtur,
445 1641 484 1706 de
507 1641 617 1706 Gallia·
639 1640 874 1724 Germaniaque
905 1641 1053 1717 moribus,
1085 1650 1117 1705 et
1143 1664 1204 1725 qno
1230 1641 1289 1705 dif-

196 1741 298 1806 ferant
327 1743 377 1806 hae
405 1743 548 1807 nationes
576 1743 658 1807 inter
686 1763 762 1816 sese,
791 1763 971 1826 proponere.
1018 1741 1058 1804 ln
1091 1740 1195 1806 Gallia
1225 1764 1288 1805 non

197 1842 297 1917 solum
322 1842 354 1907 in
377 1844 520 1908 omnibns
541 1843 721 1909 civitatibus
751 1850 846 1926 atque
867 1842 900 1905 iu
925 1841 1069 1906 omnibus
1100 1841 1188 1927 pagis
1219 1865 1289 1926 par-

197 1942 350 2026 tibusque,
367 1943 421 2008 sed
437 1967 524 2029 paenc
539 1943 635 2008 etiam
655 1943 686 2007 in
709 1941 836 2028 singulis
858 1941 1002 2007 domibus
1022 1941 1173 2007 factiones
1191 1951 1285 2007 sunt:

195 2065 362 2128 earumque
391 2044 562 2109 factionum
588 2043 741 2130 principes
763 2050 845 2118 sunt,
869 2043 920 2126 qni
946 2065 1100 2108 summam
1122 2044 1290 2108 auctorita-

196 2151 262 2207 tem
279 2166 385 2208 eorum
395 2142 517 2231 judicio
538 2144 652 2209 habere
669 2144 897 2221 existimantur,
913 2166 1044 2227 qnorum
1062 2142 1104 2209 ad
1123 2144 1287 2208 arbitrium

189 2242 406 2329 judiciumque
433 2267 556 2311 summa
583 2246 721 2309 omnium
752 2267 854 2308 rerum
885 2244 1141 2329 consiliorumque
1170 2243 1287 2309 redeat.

198 2343 297 2428 quue
318 2343 385 2431 ejus
412 2347 455 2411 rei
480 2369 590 2411 caussa
608 2345 781 2430 antiquitus
800 2344 979 2409 institutum
1001 2345 1135 2422 videtur,
1156 2366 1195 2408 ne
1218 2344 1286 2429 quis

197 2466 237 2510 ex
254 2445 344 2530 plebe
359 2454 468 2512 contra
485 2446 691 2532 potentiorem
706 2445 815 2511 auxilii
830 2452 955 2530 egeret:
979 2468 1051 2511 suos
1066 2446 1148 2510 enim
1159 2444 1287 2530 quisque

195 2546 328 2629 opprimi
346 2556 378 2610 et
395 2547 608 2614 circumveniri
630 2570 691 2611 non
712 2548 842 2632 patitur,
866 2568 976 2630 neque,
999 2547 1090 2611 aliter
1111 2546 1137 2611 si
1159 2546 1284 2621 faciant,

195 2645 291 2709 ullam
313 2647 396 2711 inter
418 2671 489 2713 suos
505 2649 623 2713 habent
640 2648 870 2713 auctoritatem.
916 2647 995 2712 Haec
1021 2647 1130 2712 eadem
1145 2646 1225 2712 ratio
1240 2654 1288 2711 cst

195 2744 228 2807 in
250 2769 373 2810 summa
393 2749 490 2813 totius
511 2749 642 2813 Galliae:
666 2770 799 2831 namque
820 2769 927 2813 omncs
953 2748 1098 2813 civitates
1124 2747 1156 2811 iu
1183 2755 1288 2833 partes

197 2843 304 2910 divisa
322 2857 396 2912 sunt
412 2847 501 2912 duas.

242 2945 328 3009 XII.
352 2947 456 3028 Quum
490 2947 594 3014 Caesar
626 2947 658 3010 in
690 2946 826 3010 Galliam
855 2945 950 3023 venit,
984 2945 1113 3011 alterius
1143 2947 1288 3012 factionis

197 3045 351 3132 principes
372 3056 461 3111 erant
488 3048 603 3124 AEdui,
631 3045 760 3111 alterius
786 3045 931 3129 Sequani.
985 3046 1031 3110 Hi
1056 3069 1151 3130 quum
1175 3070 1230 3132 per
1254 3070 1287 3111 se

195 3146 298 3211 minus
331 3147 481 3225 valerent,
520 3147 602 3233 quod
640 3168 763 3211 summa
800 3145 970 3211 auctoritas
1010 3147 1182 3230 antiquitus
1221 3157 1289 3211 erat

196 3246 227 3311 in
257 3246 386 3324 AEduis,
420 3271 603 3334 magnaeque
636 3270 742 3312 eorum
777 3253 866 3311 crant
893 3245 1053 3311 clientelae.
1114 3246 1287 3312 Germanos

195 3356 289 3432 atquo
324 3347 520 3413 Ariovistum
556 3348 616 3414 sibi
649 3344 859 3432 adjunxerant
894 3368 1006 3431 cosque
1035 3347 1076 3412 ad
1105 3371 1138 3414 se
1167 3348 1288 3433 magnis

188 3445 323 3533 jacturis
347 3449 679 3535 pollicitationibusque
706 3448 926 3533 perduxerant.
972 3447 1093 3514 Proeliis
1115 3471 1187 3514 vero
1202 3472 1287 3513 com·

194 3549 334 3633 pluribus
365 3550 457 3616 factis
487 3551 639 3627 secundis,
671 3556 765 3633 atque
794 3549 879 3613 omni
908 3548 1071 3614 nobilitate
1104 3549 1286 3613 AEdnorum

194 3649 370 3727 interfecta,
385 3658 510 3715 tantum
528 3650 671 3737 potentia
686 3658 925 3728 antecesserant,
941 3657 978 3714 ut
1001 3672 1147 3736 magnam
1164 3659 1286 3735 partem

195 3749 354 3814 clientium
385 3751 426 3814 ab
448 3751 567 3816 AEduis
589 3751 631 3816 ad
653 3775 685 3817 se
715 3749 949 3815 transducerent
975 3749 1156 3834 obsidesque
1182 3752 1222 3815 ab
1250 3750 1287 3816 iis

196 3850 370 3936 principum
402 3848 479 3917 lilios
501 3852 677 3937 acciperent
699 3860 731 3916 et
753 3851 875 3936 publice
894 3849 1002 3937 jurare
1026 3858 1182 3936 cogerent,
1209 3850 1286 3915 nihil

196 3972 230 4014 se
245 3960 355 4015 contra
373 3951 532 4036 Sequanos
555 3952 672 4017 consilii
696 3952 850 4025 inituros;
874 3959 906 4016 et
930 3958 1051 4036 partem
1070 3949 1193 4016 finitimi
1208 3950 1284 4035 agri,

195 4050 328 4135 pervim
353 4062 545 4139 occupatam,
569 4051 760 4139 possiderent
776 4052 946 4136 Galliaeque
963 4051 1060 4117 totins
1081 4050 1289 4137 principatum

195 4150 383 4217 obtinerent.
445 4155 516 4236 Qua
552 4153 735 4218 necessitate
771 4152 927 4218 adductus
958 4151 1142 4232 Divitiacus,
1178 4151 1286 4216 auxilii

192 4251 320 4336 petendi
354 4276 464 4319 caussa
493 4255 626 4318 Romam
660 4252 702 4316 ad
734 4261 875 4318 senatum
911 4252 1075 4337 profectus,
1108 4252 1223 4316 infecta
1254 4275 1287 4316 re

193 4350 339 4416 redierat.
386 4354 536 4419 Adventu
552 4353 682 4420 Caesaris
698 4354 784 4417 facta
800 4352 1043 4416 commutatione
1063 4376 1176 4431 rerum,
1203 4352 1287 4417 obsi-

195 4451 287 4517 dibus
312 4453 430 4518 AEduis
464 4453 604 4532 redditis,
631 4453 786 4518 veteribus
818 4452 968 4517 clientelis
999 4453 1162 4529 restitutis,
1197 4452 1286 4517 novis

194 4574 249 4637 per
274 4552 427 4618 Oaesarem
454 4553 641 4638 comparatis
668 4552 766 4636 (quod
789 4552 832 4628 hi,
864 4553 916 4635 qui
942 4575 975 4617 se
1004 4553 1046 4618 ad
1077 4576 1183 4618 eorum
1210 4553 1288 4618 ami·

193 4653 300 4718 citiam
324 4654 580 4740 adgregaverant,
602 4653 727 4717 meliore
755 4653 931 4717 conditione
953 4660 1047 4737 atque
1070 4655 1203 4739 aequiore
1229 4654 1289 4717 im·

194 4754 279 4839 perio
294 4777 325 4818 se
347 4755 395 4818 uti
419 4754 593 4837 videbant),
613 4752 736 4837 reliquis
763 4753 854 4818 rebus
868 4776 984 4832 eorum,
1000 4754 1111 4839 gratia,
1131 4754 1286 4840 dignitate

191 4852 391 4942 amplificata,
431 4855 566 4939 Sequani
605 4855 814 4940 principatum
853 4853 1042 4921 dimiserant.
1103 4854 1142 4919 In
1179 4877 1286 4920 corum
