2886 5378
211 818 286 888 xliv
486 834 563 886 run
584 833 765 889 cunnum
793 834 841 891 on
865 835 1030 892 rannus

207 996 334 1061 forcible
356 996 491 1060 removal
516 995 553 1059 of
573 995 745 1080 conquered
770 997 975 1081 populations,
994 997 1096 1062 which
1111 1020 1158 1063 we
1180 997 1244 1064 find
1267 1008 1301 1065 to

207 1098 286 1160 have
303 1096 381 1160 been
399 1096 553 1180 practised
574 1096 687 1182 hythe
705 1096 807 1182 Kings
820 1097 857 1161 of
879 1097 987 1162 Persia
1000 1099 1063 1162 and
1079 1099 1219 1186 Assyria,
1237 1123 1301 1166 was

206 1198 271 1261 also
300 1196 455 1283 practised
479 1197 524 1282 by
545 1195 600 1261 the
621 1197 700 1261 later
724 1196 846 1261 Roman
870 1197 1046 1282 Emperors.
1092 1198 1125 1263 It
1147 1221 1211 1264 was
1235 1200 1300 1266 also

208 1296 363 1383 practised
379 1297 424 1383 by
438 1319 522 1361 more
537 1296 614 1360 than
627 1320 685 1362 oue
700 1296 865 1362 Germanic
880 1320 1049 1381 conqueror
1058 1298 1230 1385 —though
1244 1299 1299 1364 the

207 1403 300 1461 exact
325 1398 401 1461 time
425 1398 515 1461 when
538 1396 593 1461 the
614 1404 731 1484 system
752 1397 853 1482 began
877 1398 904 1463 is
929 1397 1059 1464 difficult
1081 1407 1115 1463 to
1135 1400 1298 1465 ascertain.

209 1497 240 1560 A
256 1506 383 1583 system,
399 1497 552 1574 however,
571 1496 597 1560 it
616 1504 745 1562 was-“
759 1496 876 1562 Decem
891 1498 988 1563 millia
1003 1499 1162 1564 hominnm
1181 1522 1221 1563 ex
1240 1499 1298 1576 his,

208 1598 259 1682 qni
275 1606 421 1681 utrasque
435 1598 519 1683 ripas
536 1597 628 1663 Albis
649 1595 785 1664 fluminis
806 1598 993 1673 incolebant,
1009 1622 1080 1663 cnm
1102 1600 1251 1665 uxoribus
1266 1610 1299 1664 et

208 1698 344 1782 parvulis
360 1698 500 1762 sublatos
514 1697 686 1773 transtulit,
702 1706 734 1762 et
757 1698 817 1762 huc
834 1706 929 1782 atquc
950 1698 1023 1762 illuc
1045 1722 1100 1784 per
1114 1698 1251 1764 Galliam
1265 1709 1297 1765 et

208 1797 408 1863 Germaniam
423 1797 609 1862 multimoda
624 1797 772 1863 divisione
788 1798 977 1864 distribuit.''

251 1896 331 1964 This
355 1899 382 1962 is
407 1898 526 1962 related
552 1897 597 1983 by
619 1897 782 1984 Eginhard
807 1897 844 1962 of
863 1901 917 1964 the
943 1907 1032 1985 great
1056 1921 1169 1986 enemy
1187 1899 1225 1963 of
1243 1898 1298 1964 the

209 1997 608 2082 Saxone-Chariemagne.

250 2099 422 2184 Again—“
435 2099 525 2164 Misit
546 2099 715 2182 imperator
733 2097 973 2183 (Charlemagne
997 2099 1078 2185 also)
1103 2122 1205 2165 scaras
1227 2121 1299 2165 suas

205 2201 237 2264 in
255 2198 417 2262 Wimodia
435 2208 468 2263 et
489 2200 521 2263 in
538 2198 726 2283 Hostingahi
742 2198 820 2262 etin
836 2198 1001 2282 Rosogavi,
1018 2207 1055 2264 nt
1072 2201 1156 2264 illam
1171 2208 1297 2286 gentem

206 2301 288 2365 foras
315 2299 448 2384 patriam
473 2299 708 2374 transduceret;
743 2322 800 2362 nec
826 2321 888 2362 nou
913 2307 946 2363 et
972 2299 1041 2364 illos
1069 2301 1218 2377 Saxones,
1244 2301 1297 2384 qui

206 2402 289 2464 ultra
312 2400 439 2464 Albiam
465 2407 563 2476 erant,
591 2398 771 2463 transduxit
793 2399 885 2475 foras,
908 2406 940 2463 et
964 2400 1069 2465 divisit
1096 2423 1149 2465 eos
1173 2401 1205 2464 in
1227 2423 1298 2485 reg·

205 2523 280 2564 num
310 2523 400 2564 sunm
425 2500 478 2564 ubi
505 2499 876 2564 voluit.''-(lhronicon
899 2500 1058 2565 Moissiac.
1085 2501 1126 2565 ad
1145 2523 1195 2566 an.
1221 2504 1295 2565 804.

207 2599 318 2681 (Pertz
333 2601 352 2667 i.
370 2603 459 2681 307.)
1275 2683 1278 2691 Α

250 2700 317 2763 The
327 2699 485 2783 following
497 2701 524 2764 is
536 2722 555 2763 a
567 2699 680 2764 double
692 2699 828 2764 removal
839 2706 923 2763 :-“
935 2701 1067 2766 AEstate
1081 2701 1113 2765 in
1128 2701 1296 2766 Saxoniam

207 2800 302 2863 ducto
328 2800 476 2876 exercitu,
506 2821 613 2863 omnes
637 2799 689 2882 qui
720 2809 807 2863 trans
836 2799 963 2863 Albiam
993 2808 1025 2863 et
1053 2801 1084 2864 in
1110 2801 1295 2866 Wihmnodi

208 2898 393 2964 habitabant
409 2898 549 2962 Saxones
565 2920 635 2961 cum
651 2897 831 2960 mulieribus
852 2906 884 2962 et
902 2897 1073 2963 infantibus
1088 2901 1248 2965 transtulit
1263 2903 1296 2966 in

207 2999 382 3072 Franciam,
409 3007 441 3062 et
463 3020 558 3083 pagos
580 2995 805 3061 transalbianos
829 2997 993 3062 Abotridis
1015 2998 1295 3064 dedit.”—-Annal.

207 3098 357 3163 Einhard.
374 3098 415 3162 ad
430 3121 481 3162 an.
496 3102 572 3162 804.
615 3095 762 3177 (Pentri.
779 3098 867 3174 191.)

252 3199 428 3284 Lastly—“
443 3198 481 3262 lu
497 3198 606 3262 diebus
621 3196 681 3260 illis
695 3205 896 3261 surrexerunt
910 3197 949 3260 de
964 3199 1077 3283 populo
1093 3197 1296 3266 Holentoram

210 3300 344 3385 amplius
356 3322 449 3383 qnam
466 3307 620 3362 sexcentae
640 3296 774 3374 familiae,
790 3297 1031 3381 transmissoque
1045 3321 1136 3363 amne
1151 3298 1295 3366 abierunt

209 3401 260 3465 via
279 3401 467 3486 longissima,
483 3407 656 3483 quarentes
671 3396 733 3467 sibi,
750 3397 839 3462 sedes
855 3407 1053 3483 opportunas,
1069 3399 1123 3463 ubi
1144 3399 1295 3465 fervorem

207 3501 429 3587 persecutionis
453 3500 653 3563 declinarent.
699 3497 924 3582 Vensrnutque
950 3499 982 3563 in
1005 3510 1115 3565 montes
1136 3500 1292 3580 Hernicos,

207 3609 239 3666 et
253 3610 433 3665 manserunt
448 3600 501 3675 ibi,
517 3600 575 3685 ipsi
590 3608 622 3662 ct
637 3597 691 3662 filii
707 3608 739 3662 et
752 3608 880 3683 nepotes
894 3622 1000 3663 eorum
1015 3623 1111 3684 usqne
1128 3599 1160 3663 in
1175 3599 1296 3666 hodier-

207 3724 282 3767 num
298 3700 562 3765 diem.''—Helm.
578 3699 693 3764 Ohron.
710 3698 794 3763 Slav.
811 3700 830 3761 i.
848 3702 899 3764 26.

250 3803 321 3866 The
340 3799 487 3876 Frisians‚
511 3799 627 3874 Dutch,
650 3798 712 3862 aud
734 3798 855 3863 Saxona
875 3820 958 3863 seem
979 3809 1013 3862 to
1036 3800 1116 3864 have
1142 3800 1218 3864 been
1242 3802 1296 3866 the

208 3903 294 3969 chief
311 3900 457 3965 colonists
471 3900 508 3963 of
524 3899 587 3964 this
608 3898 685 3962 kind
697 3907 774 3960 :-“
789 3898 896 3981 Neque
920 3898 980 3960 illae
1001 3899 1125 3965 fraudes
1147 3901 1293 3981 locomm‚

208 4027 265 4068 nec
281 4052 289 4068 .
308 4050 314 4064 .
331 4001 472 4086 perfugia
488 3999 635 4064 silvarum
650 3998 798 4064 barbaros
817 4006 923 4083 tegere
938 4006 1115 4082 potuerunt,
1131 4000 1295 4084 quominus

209 4102 319 4169 ditioni
337 4111 399 4166 tuae
424 4099 597 4164 divinitatis
619 4120 726 4162 omnes
750 4120 816 4163 sese
840 4098 951 4162 dedere
974 4108 1166 4183 cogerentur,
1183 4111 1211 4165 et
1227 4123 1295 4166 eam

208 4203 357 4289 conjaqia's
371 4223 409 4265 nc
426 4199 538 4275 liberis,
554 4208 702 4283 ceteroque
717 4199 853 4262 eanmiae
873 4199 1125 4263 necessitudinum
1139 4222 1177 4264 ac
1192 4222 1295 4264 reram

208 4324 336 4369 suoram
352 4302 398 4365 ad
421 4300 488 4364 loca
508 4300 581 4364 olim
602 4298 719 4362 deserta
740 4297 918 4376 transireat,
942 4307 977 4363 ut
1001 4322 1069 4382 qnae
1089 4299 1219 4365 fortasse
1236 4300 1295 4385 ipsi

208 4403 365 4488 quondam
389 4399 596 4484 depraedando
618 4407 827 4473 vastaverant,
845 4398 929 4462 calta
941 4399 1099 4464 redderent
1111 4399 1292 4464 serviendo:

208 4512 277 4569 arat
294 4524 367 4586 ergo
389 4522 471 4564 nunc
494 4498 571 4563 mihi
597 4499 769 4587 Chamauos
791 4506 823 4562 et
846 4498 974 4563 Frisios
994 4507 1026 4562 et
1047 4499 1098 4563 ille
1122 4522 1228 4585 vagus,
1244 4500 1296 4564 ille

208 4604 363 4690 praedator
382 4600 530 4664 exercitio
552 4598 709 4682 squalidus
724 4604 870 4683 operatur
892 4607 923 4662 et
945 4598 1121 4683 frequentet
1140 4600 1297 4667 nundinas

208 4728 293 4769 meas
318 4723 428 4787 pecore
453 4699 562 4779 venali,
591 4706 623 4761 et
648 4698 748 4762 cultor
773 4698 923 4765 barbarus
945 4699 1032 4766 laxat
1057 4701 1295 4767 annonam.”—-

211 4803 356 4870 Eumenii
373 4802 530 4886 Panegyr.
546 4801 577 4864 in
594 4797 729 4864 Maxim.
746 4822 790 4864 cc.
807 4802 837 4875 8,
852 4801 883 4864 9.
