2886 5378
194 875 320 945 lxxxiv
471 885 548 941 run
569 883 751 940 annuam
775 883 822 939 or
846 885 1012 942 mouns

239 1044 339 1111 XIV.
364 1044 500 1109 Dnrides
528 1066 548 1107 a
576 1042 657 1107 bello
681 1043 788 1107 abesse
817 1051 1013 1121 consucmnt,
1037 1066 1135 1129 neque
1161 1045 1282 1109 tributa

196 1171 260 1212 uua
282 1168 353 1210 cum
383 1145 507 1228 reliquis
534 1142 698 1229 pendunt3
725 1142 844 1207 militiae
868 1144 1062 1209 vacationem
1087 1145 1285 1230 omniumque

198 1271 301 1313 rerum
335 1246 450 1311 habeat
483 1244 722 1308 immunitatem.
782 1243 893 1308 Tantis
919 1244 1049 1309 excitati
1081 1246 1225 1330 praemiis,
1254 1255 1286 1310 et

199 1372 255 1415 sua
270 1356 379 1433 sponte
402 1345 492 1411 multi
516 1345 549 1408 in
574 1343 768 1430 disciplinam
791 1345 987 1422 conveniunt,
1013 1354 1045 1410 et
1069 1347 1290 1431 aparentibus

199 1447 438 1535 propinquisque
464 1446 644 1510 mittuntur.
701 1445 854 1529 Magnum
886 1445 928 1509 ibi
954 1469 1117 1511 numerum
1144 1469 1290 1512 versuum

200 1550 336 1614 ediscere
350 1547 515 1611 dicuutur:
539 1547 644 1629 itaque
664 1567 762 1610 annos
784 1545 922 1609 nonnulli
937 1546 1061 1611 vicenos
1082 1546 1292 1632 indisciplina

200 1656 390 1736 permanent.
436 1647 544 1731 Neque
568 1647 614 1710 fas
638 1668 703 1710 essa
727 1645 919 1719 existimant,
937 1669 975 1709 ea
994 1646 1107 1711 litteris
1129 1649 1287 1725 mandare,

200 1773 295 1834 quum
323 1750 354 1812 iu
377 1747 502 1832 reliquis
522 1748 585 1810 fcre
611 1747 712 1823 rebus,
733 1746 864 1830 publicis
889 1747 1077 1831 privatisque
1107 1747 1288 1823 rationibus,

201 1850 319 1914 Graecis
333 1857 464 1913 utantur
477 1847 598 1911 littoris.
651 1846 690 1910 ld
705 1846 781 1910 mihi
798 1846 918 1911 duabus
933 1847 972 1910 de
989 1849 1106 1913 caussis
1119 1848 1290 1913 instituisse

201 1951 370 2023 videntur;
406 1948 489 2032 quod
511 1968 610 2031 neque
632 1946 664 2010 iu
687 1947 813 2031 vulgum
836 1947 1029 2033 disciplinam
1059 1948 1160 2012 efferri
1181 1948 1289 2023 velint,

201 2074 300 2135 neque
332 2073 394 2126 eos,
430 2049 482 2133 qui
520 2047 652 2125 discant,
688 2047 800 2112 litteris
831 2049 971 2126 confisos,
1001 2050 1104 2114 minus
1133 2049 1290 2113 memoriae

202 2151 347 2221 studere;
373 2151 456 2232 quod
477 2150 541 2212 fere
564 2148 715 2233 plerisque
737 2148 861 2225 accidit,
885 2157 922 2213 ut
946 2149 1089 2234 prasidio
1114 2149 1290 2214 litterarum

201 2250 396 2336 diligentiam
433 2250 465 2313 iu
502 2248 703 2335 perdiscendo
738 2271 775 2312 ac
807 2249 989 2314 memoriam
1018 2250 1192 2314 remittant.
1252 2248 1291 2312 Iu

202 2352 308 2438 primis
330 2352 388 2415 lroc
410 2350 518 2414 volunt
542 2349 736 2434 persuadere,
766 2371 828 2414 non
853 2349 979 2414 interire
1004 2349 1132 2426 animas,
1164 2348 1219 2415 sed
1252 2349 1292 2413 ab

202 2452 270 2517 aliis
292 2461 363 2537 post
387 2462 520 2515 mortem
542 2451 673 2514 transire
695 2450 737 2514 ad
758 2450 855 2515 alios:
880 2459 974 2535 atque
1000 2450 1059 2514 hoc
1088 2450 1223 2514 maxime
1251 2450 1293 2513 ad

202 2553 349 2617 virtutem
365 2551 494 2616 excitari
512 2559 634 2635 putant,
663 2558 749 2614 metu
772 2550 881 2614 mortis
897 2550 1047 2636 neglecto.
1094 2551 1200 2615 Multa
1216 2574 1292 2635 pree·

202 2662 289 2717 terea
305 2652 344 2715 de
359 2651 510 2716 sideribus
527 2659 620 2735 atque
635 2674 741 2716 corum
764 2660 862 2726 motu,
882 2651 920 2715 de
942 2652 1051 2716 mnndi
1076 2674 1113 2715 ac
1138 2660 1291 2716 terrarum

202 2752 427 2838 magnitudine,
444 2750 482 2814 de
502 2774 604 2815 rernm
618 2759 741 2825 natura,
758 2751 797 2815 do
813 2751 941 2814 deorum
959 2752 1181 2817 immortalium
1200 2752 1230 2816 vi
1253 2774 1291 2816 ac

203 2859 360 2937 potestate
376 2850 536 2935 disputant
551 2859 583 2913 et
592 2848 754 2934 juventuti
770 2849 944 2914 transdant.

248 2951 330 3015 XV.
353 2951 499 3015 Alterum
528 2973 626 3033 genus
651 2960 699 3015 est
726 2950 876 3033 equitum.
923 2950 979 3027 Hi,
1013 2975 1108 3034 quum
1133 2959 1180 3017 est
1208 2975 1292 3030 usus,

203 3060 298 3137 atque
325 3049 450 3134 aliquod
475 3049 590 3113 bellum
615 3049 724 3115 incidit
749 3049 847 3133 (quod
871 3057 944 3115 ante
970 3050 1100 3116 Oaesaris
1125 3052 1294 3116 adventum

203 3154 267 3218 fere
282 3150 446 3235 quotannis
460 3149 599 3214 accidere
617 3149 745 3228 solebat,
760 3151 808 3214 uti
828 3159 884 3214 aut
907 3150 965 3235 ipsi
987 3149 1116 3237 iujurias
1137 3152 1293 3228 inferrent,

204 3261 260 3318 aut
287 3253 389 3316 illatas
413 3250 657 3335 propulsarent),
683 3272 789 3315 omnes
818 3249 850 3313 iu
880 3250 960 3315 bello
987 3261 1170 3317 versantur:
1201 3260 1295 3336 atque

204 3376 310 3418 corum
325 3351 499 3436 utquisque
513 3359 561 3415 est
574 3373 686 3435 genere
697 3350 851 3436 copiisque
862 3351 1078 3436 amplissimus,
1092 3354 1138 3418 ita
1147 3353 1295 3437 plurimos

202 3455 319 3519 circum
335 3477 367 3519 se
389 3452 549 3517 ambactos
565 3450 752 3535 clientesque
774 3452 900 3516 habent.
946 3451 1040 3517 Hanc
1054 3477 1148 3518 unam
1164 3454 1296 3539 gratiam

204 3555 435 3640 potentiamque
450 3560 612 3616 noverunt.

250 3654 351 3718 XVI.
374 3652 470 3716 Natio
504 3661 552 3717 est
583 3654 683 3716 omnis
707 3651 868 3717 Gallomm
897 3652 1066 3717 admodum
1094 3650 1202 3719 dedita
1228 3654 1296 3717 reli·

205 3755 367 3841 giouibus3
392 3759 486 3836 atque
511 3753 634 3817 obeam
653 3775 802 3827 caussam,
820 3754 872 3835 qui
887 3763 960 3818 sunt
975 3753 1089 3818 adfecti
1104 3754 1296 3839 gravioribus

206 3855 330 3930 morbis,
361 3854 474 3938 quique
503 3853 534 3916 in
566 3853 680 3938 proeliis
711 3853 913 3937 periculisque
947 3861 1120 3930 versantur,
1150 3861 1205 3918 aut
1239 3877 1295 3938 pro

206 3955 342 4021 victimis
367 3954 507 4018 homines
528 3953 700 4031 immolant,
725 3961 780 4017 aut
805 3975 838 4017 se
864 3953 1077 4019 immolaturos
1099 3961 1213 4020 vovent
1239 3955 1296 4018 ad-

207 4055 415 4138 ministrisque
436 4054 478 4118 ad
508 4076 546 4117 ea
568 4052 717 4119 sacrificia
744 4053 915 4118 Druidibus
942 4061 1095 4128 utuntur;
1123 4054 1214 4139 quod,
1242 4078 1297 4140 pro

206 4157 274 4222 vita
303 4156 436 4220 hominis
466 4154 523 4219 nisi
555 4154 688 4218 hominis
719 4153 784 4218 vita
811 4153 970 4233 reddatur,
998 4177 1060 4218 non
1090 4177 1179 4239 posse
1208 4155 1299 4219 aliter

207 4257 337 4321 deorum
359 4254 580 4318 immortalium
603 4276 717 4318 numen
739 4253 854 4339 placari
876 4255 1088 4318 arbitrantur:
1118 4255 1299 4340 publiceque

207 4355 346 4444 ejusdcm
382 4356 503 4439 generis
539 4354 655 4418 habent
688 4354 834 4418 instituta
864 4353 1022 4419 sacrificia.
1072 4354 1140 4419 Alii
1170 4356 1298 4420 immuni

210 4455 425 4542 magnitudine
451 4454 615 4518 simulacra
639 4454 766 4529 habent,
795 4476 924 4537 quorum
954 4463 1102 4519 contexta
1131 4456 1298 4521 viminibus

210 4557 350 4622 membra
371 4554 450 4618 vivis
472 4554 647 4618 hominibus
669 4553 834 4637 complent,
858 4555 969 4637 quibus
990 4555 1153 4633 succensis,
1169 4557 1301 4621 circnm-

209 4657 294 4724 venti
322 4653 448 4719 flamma
475 4653 694 4718 exanimantur
722 4654 871 4718 homines.
918 4655 1076 4740 Supplicia
1103 4671 1223 4733 eornm,
1249 4656 1301 4741 qui

210 4761 242 4824 in
266 4759 359 4833 furto,
376 4763 430 4819 aut
453 4755 485 4818 in
505 4753 675 4832 latrocinio,
690 4763 746 4819 aut
769 4753 872 4838 aliqua
894 4777 977 4821 noxa
991 4755 1053 4821 sint
1077 4757 1300 4842 comprehensi,

210 4860 348 4945 gratiora
375 4855 435 4920 diis
460 4854 686 4921 immortalibus
708 4877 773 4922 esse
794 4855 1007 4930 arbitrantur;
1032 4855 1098 4934 sed,
1116 4879 1212 4942 quum
1234 4855 1300 4942 ejus
