2886 5378
175 833 211 903 xl
452 851 528 905 ran
550 850 732 906 ausurus
754 851 801 907 or
826 849 990 905 neonus,

173 1011 303 1075 feliciter
322 1011 414 1075 cessit
441 1010 555 1096 fugisse
578 1011 712 1097 patriam
735 1033 833 1088 suam,
850 1032 922 1073 nam
946 1012 988 1076 sic
1013 1010 1128 1097 adepta
1144 1019 1191 1075 est
1208 1011 1264 1076 soli

173 1112 270 1176 nostri
285 1111 507 1196 opulentiam.''

219 1212 266 1275 At
289 1212 344 1275 the
368 1220 492 1296 present
519 1221 657 1276 moment
682 1212 737 1277 the
761 1215 841 1279 Sorte
864 1212 1015 1278 commoni
1036 1234 1111 1276 near
1127 1211 1264 1288 Verona,

174 1312 237 1376 and
252 1311 307 1376 the
328 1312 454 1377 Prodico
469 1313 620 1377 commoni
641 1335 717 1377 near
734 1312 884 1392 Viocnza,
907 1334 959 1377 are
981 1311 1142 1377 inhabited
1165 1312 1209 1399 hy
1225 1334 1266 1376 an

173 1411 306 1477 isolatod
330 1413 520 1498 population‚
537 1412 640 1477 whose
663 1414 816 1500 lauguagc
837 1416 864 1480 is
886 1435 906 1477 a
927 1411 1072 1498 peculiar,
1092 1412 1155 1476 and
1170 1412 1267 1478 insuf-

175 1510 312 1598 ficiently
326 1510 464 1586 studiari,
490 1512 604 1577 dialect
629 1513 666 1577 of
685 1514 740 1578 the
768 1511 1132 1598 German-apparently
1155 1513 1192 1577 of
1211 1514 1267 1577 the

176 1612 418 1698 High-German
433 1611 574 1677 division.
621 1613 692 1677 Tha
710 1614 875 1680 Alemanni
891 1613 927 1677 of
945 1612 999 1676 the
1019 1613 1092 1677 time
1112 1613 1149 1676 of
1166 1612 1267 1677 Theo·

174 1713 259 1777 dorio
273 1735 326 1777 are
342 1712 396 1776 the
411 1713 572 1790 Germano,
587 1714 689 1778 whom
704 1715 766 1780 this
779 1715 958 1780 settlement
972 1713 999 1777 is
1014 1721 1095 1777 most
1109 1713 1269 1799 generally

176 1813 330 1901 supposed
345 1820 378 1877 to
394 1821 561 1898 represent.

218 1917 247 1977 2.
279 1914 340 1978 Tho
380 1913 529 1978 Germane
562 1915 603 1999 of
629 1915 676 1979 tho
712 1916 897 1981 Orimoo.—
910 1914 1083 1998 Procopius
1114 1913 1269 1978 mentions

173 2014 272 2078 under
294 2014 348 2078 the
370 2035 462 2077 name
485 2013 522 2077 of
550 2011 666 2078 Γότθοι
696 2018 904 2102 Τετραξῖται,
928 2038 948 2079 a
963 2014 1052 2079 small
1071 2012 1187 2078 Gothic
1212 2035 1269 2099 po-

173 2114 312 2199 pulation
331 2136 370 2176 on
388 2113 442 2177 the
461 2113 558 2178 Palus
578 2112 788 2177 Maeotis-‘H
805 2115 955 2183 Μαιῶτις
971 2111 1153 2194 καλουμένη
1164 2115 1267 2195 λίμνη

178 2223 210 2294 ἐς
225 2222 285 2304 τὴν
307 2221 411 2302 ἀκτὴν
426 2223 551 2287 πόντου
574 2225 633 2287 τοῦ
650 2220 806 2304 Εὐξείνου
820 2220 879 2292 τὰς
905 2219 1046 2291 έκέολὰς
1060 2226 1206 2287 ποιεῖται
1227 2266 1236 2283 .
1260 2270 1268 2287 .

173 2326 266 2415 παρὰ
288 2325 324 2390 δὲ
350 2326 406 2390 τὸν
427 2329 539 2414 χῶρον
561 2324 669 2400 αὐτὸν,
692 2324 768 2389 ὅθεν
789 2323 809 2404 ἡ
832 2329 889 2406 τῆς
910 2323 1029 2406 λίμνης
1060 2324 1181 2405 έκὲολὴ
1209 2323 1268 2412 ἅρ-

173 2457 281 2519 χεται,
298 2427 415 2494 Γότθοι
435 2428 468 2494 οἱ
487 2429 686 2515 Τετραξΐται
705 2428 903 2510 καλούμενοι
918 2426 1072 2516 ᾤκηνται,
1088 2429 1126 2494 οὐ
1140 2427 1266 2494 πολλοὶ

174 2534 402 2606 tores-Bell.
418 2541 514 2605 Goth.
529 2540 570 2605 iv.
587 2544 619 2605 4.

216 2640 269 2705 He
298 2640 414 2726 praises
439 2641 492 2704 the
519 2641 653 2727 bravery
682 2640 759 2704 with
786 2640 887 2705 which
918 2641 994 2729 they
1021 2641 1189 2706 withstood
1213 2639 1267 2704 the

174 2739 348 2825 Utuguri.*

217 2841 255 2903 In
272 2840 326 2904 the
341 2840 500 2925 following
526 2845 649 2903 extract
675 2838 728 2901 the
753 2829 905 2913 Ἀὲασγοί
923 2862 975 2903 are
998 2841 1052 2904 the
1075 2839 1265 2906 Circassiaus

173 2941 250 3005 with
267 2942 370 3004 whom
386 2938 472 3004 these
488 2939 591 3003 Gotho
606 2960 693 3000 came
709 2958 792 2999 more
808 2937 839 3000 in
855 2945 979 3003 contact
997 2941 1073 3003 than
1100 2963 1162 3025 any
1178 2940 1269 3004 other

173 3039 498 3125 Ευτορεαοεε-Είτε
528 3035 562 3101 δέ
591 3040 648 3116 τῆς
670 3032 788 3120 Ἀρείου
818 3033 915 3118 δόξης
945 3035 1091 3119 ἐγένοντό
1121 3062 1204 3103 ποτε
1234 3044 1268 3108 οἱ

174 3148 291 3215 Γότθοι
314 3149 414 3223 οὗτοι,
439 3148 553 3232 ὥσπερ
577 3142 632 3209 καὶ
662 3145 704 3208 τὰ
733 3141 826 3208 ἄλλα
849 3143 992 3210 Γοτθικὰ
1014 3144 1101 3226 ἔθνη,
1125 3146 1190 3211 εἴτε
1213 3147 1270 3212 καὶ

172 3252 261 3318 ἄλλο
284 3280 317 3318 τι
343 3252 430 3338 ἀμφὶ
452 3255 492 3335 τῇ
516 3248 594 3332 δόξῃ
608 3247 721 3315 αὐτοῖς
739 3246 875 3328 ἤσκητο,
900 3249 960 3313 οὐκ
981 3247 1049 3337 ἔχω
1066 3249 1179 3330 εἰπεῖν,
1195 3249 1269 3315 ε’πεὶ

173 3355 248 3422 οὐδὲ
264 3356 358 3423 αὐτοὶ
374 3356 499 3432 ἴσασιν,
517 3349 596 3417 ἀλλ’
620 3350 764 3436 ἀφελείσ
785 3377 822 3416 τε
844 3356 943 3418 τανῦν
957 3352 1014 3418 καὶ
1029 3351 1270 3441 ἀπραγμοσύνη

171 3464 287 3546 πολλῇ
305 3462 429 3542 τιμῶσι
446 3456 505 3538 τὴν
529 3455 638 3538 δόξαν.
667 3453 768 3519 Οὗτοι
788 3450 892 3540 ὀλίγῳ
916 3456 1078 3544 πρότερον
1096 3458 1198 3540 (λέγω
1222 3457 1267 3538 δέ,

172 3563 269 3644 ἡνίκα
289 3561 423 3651 πρῶτόν
439 3586 476 3627 τε
502 3558 558 3625 καὶ
579 3557 730 3624 εἰκοστὸν
759 3557 831 3630 ἔτος
849 3556 1081 3631 Ἰουστινιανός
1103 3560 1269 3640 βασιλεὺς

172 3667 231 3748 τὴν
246 3665 475 3752 αὐτοκράτορα
490 3661 579 3751 εἶχεν
595 3659 717 3749 ἀρχὴν)
743 3661 899 3747 πρέσέεις
917 3663 1078 3751 τέτταρας
1093 3664 1126 3736 ἐς
1150 3665 1265 3745 Βυζάν-

172 3795 242 3835 τιον
264 3769 432 3855 ἔπεμψαν,
457 3766 643 3833 ἐπίσκοπον
666 3763 768 3849 σφίσι
790 3767 863 3830 τινὰ
887 3761 1032 3849 δεόμενοι
1055 3766 1175 3834 δοῦναι·
1195 3767 1269 3834 ἐπεὶ

172 3873 265 3942 ὅστις
279 3873 339 3954 μὲν
354 3872 466 3941 αὐτοῖς
482 3867 584 3955 ἱερεὺς
599 3867 648 3948 ἦν,
666 3869 894 3948 τετελευτήκει
910 3869 948 3934 ori
962 3872 1082 3958 πολλῷ
1097 3869 1269 3957 πρότερονο

168 3973 341 4057 “Εηνωσαν
356 3974 391 4040 δὲ
409 3975 452 4046 ὡς
477 3972 533 4038 καὶ
550 3969 719 4053 Ἀέασηοῖς
745 3969 833 4059 ἱερέα
855 3972 1022 4050 βασιλεὺς
1047 3972 1191 4058 ἔπεμψε,
1213 3975 1269 4038 καὶ

171 4079 283 4148 αὐτοῖς
298 4077 535 4166 προθυμότατα
549 4073 783 4144 Ἰουστινιανός
793 4075 959 4153 βασιλεὺς
972 4076 1111 4157 ἐπιτελῆ
1123 4077 1268 4158 ποιήσας

171 4188 230 4269 τὴν
245 4189 358 4269 δέησιν
373 4185 737 4272 ἀπεπέμψατο-Βςίί.
754 4185 851 4250 Goth.
866 4186 906 4249 iv.
923 4190 951 4250 ό.

221 4307 260 4371 In
290 4307 344 4371 tho
374 4305 481 4391 eighth
513 4311 645 4387 century
672 4302 749 4388 they
779 4301 950 4366 withstand
977 4303 1031 4367 the
1062 4303 1269 4368 Khazarsz-

171 4399 275 4471 Οὗτος
299 4400 316 4463 ὁ
340 4400 433 4468 ὅσιος
448 4397 558 4481 πατὴρ
577 4394 670 4477 ἡμῶν
694 4392 844 4474 Ἰωάννης
868 4394 1052 4466 ἐπίσκοπος
1070 4395 1110 4477 ἦν
1128 4395 1267 4468 Γοτθίας

172 4504 228 4569 ἐπὶ
244 4500 492 4569 Κωνσταντίνου
515 4498 572 4563 καὶ
586 4496 724 4567 Λέοντος
742 4499 807 4562 τῶν
827 4496 1012 4575 βασιλέων,
1029 4498 1214 4588 ὁρμώμενος
1229 4501 1266 4566 ἐκ

171 4609 228 4685 τῆς
251 4606 431 4689 περατικῆς
455 4605 520 4668 τῶν
542 4598 785 4687 Ταυροσκυθῶν
807 4602 877 4682 γῆς,
902 4603 960 4681 τῆς
984 4601 1048 4668 ὑπὸ
1074 4601 1133 4684 τὴν
1153 4604 1268 4691 χώραν

170 4712 235 4774 τῶν
263 4708 391 4773 Γότθων
429 4705 600 4784 τελούσης,
636 4703 795 4789 ἐμπορίου
831 4705 1012 4787 λεγομένου
1045 4705 1268 4795 Παρθενιτῶνν

489 4844 507 4877 *
527 4839 654 4910 Probably
671 4839 747 4893 allied
765 4852 792 4893 to
812 4840 855 4895 tho
871 4841 952 4897 Hom.
