2886 5378
585 859 874 916 raouseouum.
1196 845 1283 915 lxvii

181 1023 266 1109 quod
288 1045 362 1088 vero
384 1024 425 1088 ad
448 1023 620 1088 amicitiam
647 1022 753 1108 populi
781 1021 915 1086 Romani
944 1021 1141 1100 adtulissent,
1173 1023 1210 1088 id
1244 1025 1282 1088 iis

182 1125 269 1211 eripi,
300 1126 368 1208 quis
402 1124 467 1209 pati
500 1123 653 1209 possetl”
699 1123 877 1188 Postulavit
915 1121 1027 1188 deinde
1057 1123 1179 1199 eadem,
1212 1147 1280 1208 quae

182 1227 294 1312 legatis
310 1226 342 1289 in
356 1225 513 1290 mandatis
529 1223 670 1299 dederat,
687 1232 709 1264 “
725 1247 763 1289 ne
779 1232 834 1289 aut
849 1224 979 1304 AEduis,
995 1233 1051 1288 aut
1066 1247 1172 1289 eorum
1188 1225 1279 1290 sociis

182 1328 297 1391 bellum
323 1326 470 1401 inferret3
505 1325 628 1390 obsides
653 1325 818 1400 redderet3
855 1325 881 1390 si
909 1325 1026 1390 nullam
1051 1334 1171 1409 partem
1202 1325 1280 1390 Ger·

184 1448 345 1491 manorum
381 1426 509 1492 domum
546 1427 704 1491 remittere
736 1434 849 1511 posset,
883 1435 916 1490 at
948 1449 987 1490 ne
1024 1448 1100 1510 quos
1139 1427 1273 1511 amplius

185 1526 329 1592 Rhenum
344 1529 476 1592 tramine
493 1527 685 1613 pateretur.''

226 1627 357 1691 XLIV.
381 1627 559 1693 Ariovistus
584 1627 626 1691 ad
649 1627 806 1711 postulata
822 1627 952 1693 Oaesaris
976 1652 1076 1713 pauca
1100 1627 1274 1712 respondit:

183 1728 221 1793 de
246 1728 310 1794 suis
335 1728 504 1793 virtutibus
530 1726 630 1792 multa
661 1727 862 1813 praedicavit:
903 1728 1097 1794 “Transisse
1127 1729 1273 1793 Rhenum

181 1852 255 1911 sese,
273 1852 334 1894 non
358 1851 416 1895 sua
438 1837 557 1914 sponte,
583 1829 638 1893 sed
661 1838 803 1914 rogatum
834 1837 866 1893 et
895 1831 1076 1895 arcessitum
1101 1852 1121 1893 a
1148 1829 1271 1904 Gallis,

181 1953 242 1995 non
259 1929 324 1995 sine
346 1952 462 2016 magna
487 1953 542 2016 spe
564 1929 743 2015 magnisque
766 1929 899 2014 praemiis
921 1929 1048 1994 domum
1071 1931 1274 2014 propinquos·

181 2054 239 2115 que
267 2030 445 2115 reliquisse3
482 2029 571 2096 sedes
596 2030 710 2094 habere
735 2031 767 2094 in
789 2030 902 2108 Gallia,
928 2031 969 2095 ab
992 2031 1068 2114 ipsis
1087 2053 1271 2105 concessas3

180 2131 303 2196 obsides
312 2132 449 2217 ipsorum
467 2132 628 2196 voluntate
654 2131 766 2204 datos;
791 2130 980 2215 stipendium
996 2153 1104 2216 capere
1114 2130 1187 2215 jure
1203 2131 1275 2196 belli

180 2231 264 2316 quod
280 2231 414 2297 victores
429 2232 520 2297 victis
535 2232 693 2315 imponere
708 2232 905 2304 consuerint;
931 2254 992 2294 non
1008 2254 1074 2295 sese
1092 2230 1200 2308 Gallis,
1218 2232 1273 2296 sed

182 2331 289 2397 Gallos
309 2331 370 2397 sibi
393 2331 509 2397 bellum
539 2332 699 2408 intulisse;
739 2353 847 2395 omnes
866 2331 976 2395 Galliae
1001 2331 1144 2396 civitates
1171 2330 1213 2395 ad
1241 2354 1274 2396 se

183 2432 427 2517 oppugnandum
454 2431 582 2510 venisse,
608 2454 645 2496 ac
683 2439 792 2497 contra
817 2454 850 2496 se
877 2440 980 2497 castra
1006 2432 1176 2506 habuisse;
1220 2454 1273 2496 eas

183 2554 291 2597 omnes
318 2533 423 2618 copias
453 2556 473 2597 a
503 2556 535 2596 se
559 2555 621 2596 uuo
651 2532 757 2617 proelio
782 2532 865 2596 fusas
887 2555 924 2597 ac
951 2541 1112 2617 superatas
1134 2553 1221 2607 esse;
1247 2533 1272 2598 si

184 2631 298 2696 iterum
312 2633 443 2718 experiri
460 2633 565 2710 velint,
581 2633 694 2697 iterum
710 2639 852 2718 paratum
865 2655 931 2697 sese
945 2633 1124 2706 decertare;
1153 2634 1179 2697 si
1195 2655 1273 2718 pace

185 2732 232 2796 uti
264 2732 368 2813 velint,
394 2733 533 2818 iniquum
559 2755 634 2808 esse,
669 2733 707 2797 de
736 2733 892 2818 stipendio
922 2756 1073 2811 recusare,
1104 2733 1188 2816 quod
1216 2756 1273 2798 sua

183 2832 344 2897 voluntate
368 2833 410 2898 ad
439 2834 472 2898 id
510 2842 633 2919 tempus
676 2832 890 2919 dependerint.
952 2834 1136 2899 Amicitiam
1168 2836 1275 2919 populi

184 2931 317 2997 Romani
346 2933 404 2999 sibi
428 2942 609 2998 ornamento
638 2943 670 2997 et
700 2933 854 3018 prasidio,
883 2958 944 2999 non
976 2934 1175 3008 detrimento,
1208 2958 1274 3000 esse

181 3041 334 3118 oportere,
349 3033 442 3119 idque
459 3057 492 3100 se
514 3056 552 3098 ea
565 3057 619 3119 spe
637 3034 761 3119 petisse.
806 3033 840 3098 Si
863 3059 918 3120 per
932 3035 1081 3120 populum
1097 3035 1275 3099 Romanum

182 3133 372 3218 stipendium
397 3135 577 3200 remittatur
601 3142 633 3198 et
661 3134 797 3200 dedititii
823 3136 1056 3213 subtrahantur,
1084 3159 1147 3199 non
1173 3139 1276 3200 minus

183 3233 315 3298 libenter
341 3256 408 3300 sese
433 3243 647 3299 recusaturum
673 3236 779 3321 populi
807 3235 940 3300 Romani
970 3236 1151 3313 amicitiam,
1182 3258 1276 3319 quam

183 3332 360 3418 adpetierit.
420 3335 511 3417 Quod
543 3335 778 3400 multitudinem
812 3336 1039 3400 Germanorum
1072 3336 1104 3398 in
1139 3335 1276 3400 Galliam

185 3433 376 3511 transducat,
408 3434 442 3499 id
469 3459 502 3500 se
540 3437 588 3500 sui
617 3435 786 3513 muniendi,
816 3458 877 3500 non
910 3436 1018 3500 Galliae
1058 3436 1276 3520 impugnandae

184 3554 294 3599 caussa
317 3533 435 3599 facere:
461 3534 527 3622 ejus
551 3537 595 3600 rei
614 3535 826 3601 testimonium
845 3558 919 3614 esse,
942 3536 1035 3620 quod,
1052 3537 1110 3600 nisi
1138 3544 1275 3620 rogatus,

184 3656 245 3698 non
260 3634 390 3713 venerit,
406 3645 438 3700 et
455 3635 538 3720 quod
553 3635 669 3700 bellum
685 3659 745 3700 non
760 3635 911 3711 intulerit,
927 3635 983 3701 sed
1005 3635 1188 3701 defenderit.
1235 3636 1276 3701 Se

185 3734 271 3818 prius
292 3735 325 3799 in
341 3734 476 3801 Galliam
493 3736 624 3816 venisse,
648 3759 741 3822 quam
765 3736 914 3822 populum
935 3737 1122 3801 Romanum.
1178 3737 1276 3801 Num-

183 3856 278 3917 quam
291 3837 437 3901 antehoc
452 3844 577 3922 tempus
591 3837 762 3902 exercitum
785 3836 891 3922 populi
914 3837 1049 3901 Romani
1076 3838 1185 3901 Galliae
1209 3860 1278 3922 pro-

183 3935 292 3999 vincia
322 3933 398 4002 fines
429 3960 595 4023 egressum.
660 3936 742 4018 Quid
780 3936 838 4001 sibi
869 3938 985 4002 vellet?
1045 3937 1109 4003 Gur
1137 3938 1169 4001 in
1207 3960 1278 4002 suas

184 4035 390 4119 possessiones
414 4038 555 4103 veniret?
606 4036 804 4101 Provinciam
830 4061 918 4102 suam
934 4039 1014 4101 banc
1039 4061 1105 4102 csse
1132 4037 1276 4113 Galliam,

185 4134 266 4199 sicut
290 4135 376 4201 illam
403 4144 554 4203 nostram.
600 4136 649 4202 Ut
677 4137 735 4222 ipsi
759 4138 885 4202 concedi
909 4161 971 4201 non
996 4147 1164 4222 oporteret,
1189 4139 1215 4202 si
1245 4139 1276 4202 in

185 4242 307 4301 nostros
322 4234 398 4303 fines
412 4238 564 4323 impetum
582 4238 717 4302 faceret:
743 4237 787 4302 sic
812 4238 888 4302 item
910 4261 967 4302 nos
987 4260 1053 4303 esse
1079 4238 1208 4321 iniquos,
1226 4240 1277 4322 qui

184 4334 215 4398 in
231 4357 286 4399 suo
295 4334 368 4421 jure
383 4360 415 4402 se
430 4337 706 4424 interpellaremus.
753 4338 844 4419 Quod
859 4338 1003 4402 fratreas
1026 4348 1135 4402 senatu
1151 4339 1280 4403 AEduos

184 4433 359 4519 adpellatos
390 4437 517 4517 diceret,
557 4462 619 4502 non
646 4461 678 4503 se
708 4447 774 4502 tam
800 4438 977 4517 barbarum,
1004 4461 1102 4522 neque
1129 4448 1195 4503 tam
1223 4440 1280 4503 im·

184 4534 319 4619 peritum
345 4559 411 4602 esse
436 4561 549 4616 renam,
575 4548 610 4603 ut
642 4561 704 4602 non
728 4539 831 4616 sciret,
846 4562 944 4623 neque
970 4539 1050 4602 bello
1074 4536 1279 4624 Allobrogum

183 4636 327 4720 proximo
342 4638 470 4705 AEduos
487 4638 637 4705 Romanis
651 4639 802 4704 auxilium
825 4639 942 4716 tulisse,
959 4662 1058 4723 neque
1080 4639 1163 4724 ipsos
1185 4641 1216 4703 in
1233 4641 1281 4702 his

183 4737 444 4818 contentionibus,
461 4762 539 4824 quas
561 4739 665 4804 AEdui
690 4763 793 4805 secum
819 4747 852 4803 et
878 4763 948 4805 cum
978 4739 1129 4823 Sequanis
1155 4740 1281 4802 habuis-

183 4843 264 4916 sent,
291 4837 408 4904 auxilio
435 4840 542 4926 populi
558 4841 692 4906 Romani
708 4863 778 4906 usos
795 4863 871 4905 esse.
925 4841 1048 4905 Debere
1065 4862 1097 4904 se
1118 4839 1278 4999 suspicari,

1142 4931 1147 4944 ⁸
1158 4937 1174 4984 2
