2886 5378
558 795 855 852 rnonsoonnnn.
1152 780 1254 851 lxxix

153 984 189 1027 se
220 959 306 1046 apud
335 981 407 1024 eum
436 959 516 1025 velle
546 958 704 1023 dixerunt.
759 957 822 1025 llis
845 958 950 1024 Oaesar
979 959 1157 1024 libertatem
1183 982 1256 1024 eon·

153 1062 261 1128 cessit.
305 1046 312 1055 ⁹

204 1160 305 1226 XVI.
328 1160 515 1225 Germanico
542 1160 622 1224 bello
650 1162 802 1238 confecto,
820 1161 928 1226 multis
954 1160 993 1225 de
1020 1161 1135 1226 caussis
1154 1160 1258 1226 Caesar

158 1263 284 1338 statuit,
314 1261 372 1326 sibi
401 1261 547 1325 Rhenum
577 1283 644 1326 esse
670 1260 916 1326 transeundum:
955 1284 1085 1346 quarum
1116 1261 1170 1326 illa
1198 1262 1258 1327 luit

152 1361 338 1449 justissima,
355 1361 448 1446 quod,
472 1384 568 1445 quum
585 1361 717 1437 videret,
737 1362 912 1426 Germanos
929 1370 995 1426 tarn
1017 1362 1106 1426 facile
1130 1362 1257 1446 impelli,

158 1473 197 1529 ut
216 1464 246 1527 in
264 1463 401 1527 Galliam
416 1462 568 1538 venirent,
592 1462 656 1526 suis
681 1485 801 1546 quoque
826 1462 918 1527 rebus
944 1485 996 1527 eos
1020 1462 1130 1526 timere
1145 1462 1255 1540 voluit,

159 1587 256 1649 quum
270 1563 489 1648 intelligerent,
507 1571 539 1627 et
562 1585 651 1647 posse
672 1572 704 1627 et
721 1563 835 1627 audere
858 1562 962 1648 populi
979 1563 1114 1627 Romani
1138 1562 1259 1627 exerci-

160 1674 229 1729 tum
245 1663 391 1728 Rhenum
408 1663 550 1727 transire.
606 1662 749 1728 Accessit
766 1663 870 1741 etiam,
900 1664 982 1747 quod
1005 1664 1058 1727 illa
1077 1686 1149 1749 pars
1171 1663 1257 1746 equi-

160 1774 248 1830 tatus
266 1763 435 1849 Usipetum
452 1773 484 1827 et
500 1763 777 1841 Tenohtherornm,
794 1786 886 1848 qnam
902 1787 996 1848 supra
1019 1764 1257 1829 commemoravi

160 1865 320 1951 praedandi
360 1864 633 1947 frumentandique
663 1887 772 1929 caussa
802 1865 927 1929 Mosam
965 1865 1122 1940 transisse,
1158 1887 1257 1948 neque

161 1966 266 2051 proelio
289 1964 477 2041 interfuisse,
501 1972 570 2049 post
598 1964 704 2049 fugam
734 1987 859 2030 suorum
887 1988 919 2029 se
941 1973 1029 2030 trans
1055 1965 1199 2030 Rhenum
1225 1965 1257 2029 in

161 2064 239 2131 fines
262 2064 495 2152 Sipumbrorum
514 2074 672 2148 receperat
688 2088 787 2149 neque
803 2089 874 2129 cum
890 2067 927 2130 iis
942 2064 1156 2150 conjunxerat.
1202 2066 1255 2129 Ad

162 2189 237 2251 quos
261 2189 357 2251 quum
375 2165 481 2230 Caesar
505 2166 634 2229 nuncios
659 2165 803 2243 misisset,
822 2166 874 2249 qui
898 2167 1102 2252 postularent,
1118 2189 1180 2240 eos,
1204 2164 1255 2249 qui

161 2267 220 2333 sibi
235 2266 407 2350 Galliaque
423 2266 538 2330 bellum
554 2265 741 2343 intulissent,
757 2267 817 2331 sibi
835 2265 994 2343 dederent,
1011 2265 1254 2351 responderunt:

164 2375 185 2404 “
203 2366 315 2452 Populi
333 2366 468 2431 Romani
483 2366 647 2451 imperium
663 2366 808 2430 Rhenum
824 2364 931 2430 finire:
956 2367 992 2442 si,
1015 2389 1048 2431 se
1063 2365 1161 2430 invito
1179 2364 1258 2430 Ger·

163 2489 273 2533 manos
296 2468 328 2532 in
344 2467 479 2532 Galliam
502 2467 642 2544 transire,
666 2489 727 2530 non
751 2490 873 2549 aequum
898 2467 1101 2543 existimaret,
1130 2489 1185 2531 cur
1209 2468 1257 2532 sui

163 2567 333 2651 quidquam
357 2590 422 2633 esse
448 2567 569 2652 imperii
594 2574 649 2631 aut
674 2568 840 2652 potestatis
865 2575 952 2632 trans
978 2567 1122 2631 Rhenum
1148 2576 1258 2653 postu·

163 2667 289 2732 larett''
332 2667 408 2732 Ubii
430 2676 549 2741 antem,
573 2667 625 2751 qui
645 2668 699 2731 uni
720 2690 761 2732 ex
784 2669 1016 2733 transrhenanis
1039 2667 1080 2731 ad
1100 2667 1255 2732 Caesarem

162 2769 284 2852 legatos
296 2767 454 2846 miserant,
467 2767 637 2832 amicitiam
654 2768 801 2844 fecerant,
819 2768 942 2834 obsides
958 2768 1120 2843 dederant,
1130 2791 1257 2853 magno·

163 2891 235 2954 pere
250 2869 392 2948 orabant,
409 2875 428 2904 “
439 2877 475 2933 ut
490 2869 549 2934 sibi
565 2868 715 2933 auxilium
731 2869 835 2945 ferret,
852 2869 934 2952 quod
944 2870 1081 2954 graviter
1091 2870 1131 2933 ab
1147 2867 1258 2935 Suevis

161 2978 397 3054 premerentur;
439 2971 499 3045 vel,
535 2968 561 3034 si
592 2968 625 3032 id
657 2970 758 3034 facere
792 2970 1047 3055 occupationibus
1078 2970 1255 3055 reipublicae

161 3070 386 3154 prohiberetur,
406 3071 578 3134 exercitum
600 3069 694 3134 modo
709 3070 854 3134 Rhenum
875 3078 1125 3156 transportaret:
1149 3070 1182 3134 id
1197 3070 1256 3135 sibi

161 3169 203 3234 ad
219 3170 372 3235 auxilium
391 3193 538 3256 spemque
558 3170 667 3254 reliqui
682 3170 830 3255 temporis
853 3172 931 3236 satis
946 3171 1106 3235 futurum:
1131 3178 1255 3235 tantum

161 3293 228 3335 esse
242 3293 355 3335 nomeu
371 3278 465 3355 atque
479 3270 654 3355 opinionem
675 3269 741 3356 ejus
763 3271 927 3347 exercitus,
945 3271 1104 3335 Ariovisto
1119 3270 1208 3355 pulso
1224 3279 1256 3335 et

161 3370 222 3435 hoc
245 3371 412 3436 novbsimo
438 3371 544 3456 proelio
569 3370 664 3447 facto,
690 3371 787 3435 etiam
814 3370 855 3435 ad
879 3371 1005 3435 ultimas
1029 3370 1255 3434 Germanorum

162 3471 313 3548 nationes,
342 3471 390 3535 uti
417 3470 560 3556 opinione
585 3478 617 3535 et
642 3471 782 3535 amicitia
810 3471 916 3556 populi
944 3470 1077 3535 Romani
1103 3470 1164 3533 tuti
1190 3493 1256 3535 esse

162 3569 313 3655 possint.''
359 3570 496 3636 Navium
518 3594 664 3656 magnam
680 3571 800 3657 copiam
818 3570 860 3634 ad
875 3571 1150 3657 transportandum
1169 3592 1256 3635 exer-

161 3670 260 3735 citum
275 3671 510 3757 pollicebantur.

208 3771 329 3836 XVII.
352 3771 455 3838 Caesar
484 3772 533 3837 his
565 3772 604 3836 de
628 3772 754 3849 caussis,
791 3794 868 3854 quas
900 3773 1149 3849 commemoravi,
1174 3771 1256 3836 Rhe-

161 3893 238 3936 num
264 3871 397 3937 transire
423 3872 623 3947 decreverat;
651 3872 706 3936 sed
730 3872 861 3937 navibus
885 3872 1028 3947 transire,
1053 3895 1152 3956 neque
1180 3873 1256 3938 satis

162 3979 269 4036 tutum
292 3994 359 4038 esse
382 3972 604 4050 arbitrabatur,
631 3995 732 4057 neque
761 3993 823 4037 suae
862 3994 961 4056 neque
988 3973 1095 4058 populi
1122 3973 1256 4038 Romani

162 4070 326 4156 dignitatis
355 4095 421 4138 esse
452 4074 620 4139 statuebat.
682 4071 802 4156 ltaque,
834 4072 893 4136 etsi
929 4095 1052 4136 summa
1091 4072 1257 4139 difficultas

160 4171 299 4237 faciundi
322 4173 425 4258 pontis
441 4174 671 4259 proponebatur
688 4179 815 4258 propter
831 4171 1039 4250 latitudinem,
1055 4174 1256 4258 rapiditatem

160 4272 421 4356 altitudinemque
452 4271 597 4351 fluminis,
627 4280 733 4338 tamen
765 4272 795 4335 id
827 4272 888 4337 sibi
916 4273 1177 4353 contendendum,
1201 4284 1256 4340 aut

160 4372 253 4437 aliter
266 4394 328 4437 non
344 4373 609 4438 transducendum
625 4373 806 4447 exercitum,
824 4373 1036 4438 existimabat.
1089 4375 1256 4439 Rationem

160 4474 266 4557 pontis
279 4472 362 4538 hanc
381 4473 531 4538 instituit.
577 4474 679 4559 Tigna
706 4473 781 4538 bina
802 4474 1038 4560 sesquipedalia,
1054 4476 1193 4560 paullum
1216 4476 1257 4540 ab

160 4573 223 4637 imo
249 4581 417 4659 praeacuta,
450 4574 591 4639 dimensa
616 4573 657 4637 ad
686 4573 884 4638 altitudinem
918 4572 1063 4653 fluminis,
1094 4576 1257 4641 intervallo

160 4673 277 4758 pedum
294 4674 426 4739 duorum
448 4675 531 4739 inter
552 4696 584 4740 se
607 4672 772 4762 jungebat.
836 4673 916 4737 Hac
942 4698 1037 4759 quum
1054 4676 1257 4740 machinatio·

160 4773 252 4841 nibus
270 4773 410 4840 immissa
436 4774 469 4839 in
496 4772 624 4866 flumen
639 4773 792 4840 defixerat
809 4770 986 4858 fistucisque
1010 4775 1169 4861 adegerat,
1195 4797 1257 4838 non
