2886 5378
215 834 252 904 lx
486 851 563 906 rna
586 850 767 906 annuant
790 849 843 937 ¹oa
867 849 1030 905 suerrus

212 1021 286 1078 ante
311 1013 505 1078 Homadena*
538 1012 636 1076 millia
664 1010 826 1075 hominum
855 1032 944 1074 xxrv.
968 1008 1010 1073 ad
1040 1032 1111 1074 enm
1139 1011 1303 1088 venissent,

211 1114 324 1197 quibus
352 1114 437 1179 locus
467 1136 504 1178 ae
541 1113 630 1179 sedes
663 1119 856 1197 pararentur.
917 1110 1074 1176 Futurum
1104 1134 1170 1176 esse
1199 1113 1307 1196 paucis

210 1214 310 1292 annis,
325 1215 372 1279 uti
396 1237 504 1279 omnes
529 1236 569 1279 ex
598 1213 708 1278 Galliae
738 1210 850 1277 finibus
872 1212 1062 1297 pellerentur
1081 1219 1176 1296 atque
1199 1234 1307 1277 omnes

212 1314 362 1379 Germani
389 1315 535 1380 Rhenum
551 1314 740 1380 transirent:
764 1334 863 1396 neque
889 1313 971 1377 enim
996 1312 1216 1377 conferendum
1241 1336 1307 1378 esse

211 1414 368 1480 Gallicum
383 1438 454 1480 cnm
470 1416 697 1481 Germanorum
722 1437 808 1499 agro,
831 1436 930 1498 neque
954 1414 1033 1478 hanc
1051 1412 1304 1478 consuetudinem

211 1516 314 1582 victus
336 1539 407 1581 curn
429 1517 483 1581 illa
505 1516 757 1602 comparandam.
801 1514 997 1580 Ariovistum
1020 1523 1135 1590 autem,
1152 1521 1187 1578 ut
1211 1516 1307 1580 semel

212 1615 373 1682 Gallorum
400 1618 506 1703 copias
529 1617 636 1704 proelio
653 1616 773 1694 vicerit,
797 1615 882 1700 quod
905 1615 1046 1701 proelinm
1063 1614 1182 1679 factum
1205 1615 1247 1680 sit
1263 1615 1305 1679 ad

213 1717 454 1802 Magetobriam,
480 1718 612 1813 superbe
640 1726 672 1782 et
695 1705 863 1781 crudeliter
885 1717 1046 1802 imperare,
1074 1714 1197 1781 obsides
1218 1716 1305 1780 nobi-

209 1817 317 1883 lissimi
348 1817 497 1905 cujusque
526 1819 638 1884 liberos
668 1840 794 1902 poscere
821 1825 853 1882 et
882 1817 913 1882 in
945 1839 998 1883 eos
1029 1815 1133 1881 omnia
1162 1817 1307 1902 exempla

209 1920 423 2003 cruciatusque
449 1919 551 1998 edere,
567 1919 593 1986 si
615 1940 676 2005 qua
701 1941 750 1984 res
774 1940 837 1983 non
861 1918 903 1983 ad
928 1926 1040 1982 nutum
1061 1925 1117 1982 aut
1139 1916 1181 1981 ed
1199 1918 1306 1982 volun-

211 2027 310 2084 tatem
334 2017 401 2104 ejus
423 2020 507 2085 facta
530 2021 590 2086 sit:
626 2019 784 2085 hominem
810 2041 876 2085 esse
903 2019 1080 2097 barbarum,
1107 2016 1303 2098 iracundum,

210 2120 431 2190 temerarium:
454 2143 516 2186 non
528 2144 616 2207 posse
631 2117 697 2206 ejus
719 2119 849 2204 imperia
864 2119 982 2185 diutius
995 2118 1150 2186 sustineri.
1197 2118 1305 2185 Nisisi

209 2221 285 2306 quid
299 2220 331 2285 in
354 2220 475 2287 (lasere
494 2223 668 2308 populoque
691 2220 833 2285 Romano
855 2221 897 2286 sit
910 2220 1029 2299 anxilii,
1046 2218 1189 2285 omnibus
1206 2219 1305 2284 Gallis

208 2321 293 2387 idem
333 2344 399 2387 esse
433 2321 624 2401 faciundum,
656 2320 739 2408 quod
778 2321 919 2387 Helvetii
961 2321 1100 2400 fecerint,
1137 2328 1174 2385 ut
1210 2320 1304 2385 domo

207 2423 370 2508 emigrent,
393 2423 480 2489 aliud
503 2423 703 2502 domicilium,
727 2422 805 2488 alias
820 2423 919 2501 sedes,
945 2433 1081 2489 remotas
1105 2420 1307 2487 aGermanis

208 2531 319 2608 petant
344 2523 572 2610 fortunamque,
587 2547 791 2610 quaecnmque
817 2523 949 2604 accidat,
968 2525 1178 2610 experiantur.
1224 2523 1305 2587 Haec

209 2622 236 2688 si
263 2624 429 2689 enunciata
453 2624 614 2691 Ariovisto
643 2626 715 2702 sint,
743 2647 805 2689 uon
828 2623 982 2704 dubitare,
999 2625 1072 2709 quin
1100 2623 1138 2688 de
1161 2623 1305 2689 omnibus

211 2722 380 2799 obsidibus,
397 2725 449 2808 qni
471 2726 556 2811 apud
570 2749 641 2791 eum
659 2726 732 2802 sint,
749 2725 967 2811 gravissimum
985 2724 1170 2812 supplicium
1187 2732 1303 2790 sumat.

211 2822 365 2889 Gaesarem
394 2824 444 2890 vel
473 2827 660 2891 auctoritate
698 2847 754 2890 sua
785 2832 879 2909 atque
911 2825 1075 2904 exercitus,
1107 2825 1155 2890 vel
1186 2825 1303 2891 recenti

210 2924 351 3000 victoria,
368 2925 417 2989 vel
434 2925 557 2989 nomine
583 2924 690 3011 populi
713 2925 848 2990 Romani
863 2924 1018 2990 deterrere
1036 2947 1135 3010 posse,
1151 2948 1190 2989 ne
1204 2925 1304 3013 major

208 3024 379 3089 multitudo
407 3018 634 3090 Germanorum
662 3024 809 3090 Rhenum
832 3024 1074 3101 transducatnr;
1107 3025 1304 3112 Galliamque

210 3148 335 3190 omnem
351 3126 392 3191 ab
410 3125 561 3192 Ariovisti
576 3121 690 3211 injuria
706 3148 795 3211 posse
810 3124 1006 3190 defendere.”

255 3225 418 3291 XXXII.
453 3226 525 3291 Hac
553 3226 693 3291 oratione
714 3226 756 3290 ab
779 3225 936 3290 Divitiaco
962 3225 1078 3304 habito,
1105 3249 1223 3306 omnes,
1249 3230 1302 3313 qui

209 3327 352 3403 aderant,
377 3349 491 3413 magno
524 3323 600 3392 fletu
626 3325 780 3392 auxilium
802 3350 822 3391 a
855 3325 976 3392 Caesare
1001 3336 1107 3412 petere
1132 3337 1300 3413 coepemnt.

211 3426 446 3494 Animadvertit
470 3425 584 3507 Gaesar,
600 3451 678 3494 unos
700 3450 740 3492 ex
760 3427 903 3493 omnibus
921 3427 1081 3512 Sequanos
1095 3428 1172 3494 nihil
1195 3452 1303 3495 earum

208 3552 312 3595 rerum
335 3529 445 3605 facere,
461 3551 538 3612 quas
554 3528 649 3594 ceteri
675 3527 822 3605 facerent,
838 3528 892 3594 sed
908 3528 1023 3608 tristes,
1039 3528 1142 3614 capite
1159 3529 1302 3608 demisso,

210 3639 325 3695 terram
342 3629 467 3693 intueri.
518 3626 598 3715 Ejus
624 3629 668 3694 rei
695 3651 804 3694 caussa
829 3651 898 3713 quae
926 3638 1007 3695 esset
1028 3631 1159 3695 miratus
1173 3653 1213 3695 ex
1228 3631 1303 3717 ipsis

209 3729 343 3814 quaesiit.
389 3728 477 3793 Nihil
503 3728 639 3814 Sequani
668 3730 863 3815 respondere,
887 3729 942 3795 sed
970 3730 1002 3795 in
1034 3730 1143 3796 eadem
1173 3731 1304 3796 tristitia

210 3829 299 3894 taciti
314 3852 504 3915 permanere.
557 3829 660 3912 Quum
675 3830 716 3895 ab
738 3830 776 3895 iis
791 3830 903 3916 sapius
917 3839 1079 3915 quaereret,
1093 3854 1191 3916 neque
1207 3831 1301 3897 ullam

210 3930 337 3995 omnino
368 3952 474 3996 vocem
498 3931 672 4015 exprimere
704 3938 817 4015 posset,
853 3930 936 3994 idem
966 3930 1141 3997 Divitiacus
1172 3932 1302 3998 AEduus

210 4030 390 4116 respondit:
431 4029 533 4094 “Hoc
563 4053 629 4096 esse
659 4030 848 4096 miseriorem
877 4031 1110 4115 gravioremque
1145 4031 1302 4097 fortunam

209 4131 422 4215 Sequanorum
438 4154 501 4217 prae
516 4130 712 4214 reliquorum,
729 4131 812 4216 quod
835 4131 891 4195 soli
917 4154 956 4195 ne
981 4132 1013 4196 in
1035 4132 1158 4196 occulto
1176 4132 1301 4217 quidem

208 4232 305 4316 queri,
330 4254 429 4314 neque
452 4231 604 4296 auxilium
626 4230 790 4317 implorare
812 4231 975 4309 auderent,
997 4232 1195 4317 absentisque
1210 4232 1305 4298 Ario«

209 4331 281 4397 visti
312 4330 540 4407 crudelitatem,
556 4331 643 4396 velut
671 4331 697 4396 si
724 4353 828 4396 coram
851 4333 984 4410 adesset,
1001 4332 1181 4397 horrerent:
1212 4357 1304 4419 prop-

208 4440 296 4497 terea
312 4431 394 4516 quod
422 4433 548 4517 reliquis
574 4441 681 4497 tamen
703 4431 784 4517 fugae
805 4431 938 4498 facultas
962 4432 1112 4508 daretur;
1153 4433 1303 4518 Sequanis

209 4555 293 4611 vero,
318 4532 370 4616 qui
396 4532 480 4597 intra
506 4530 582 4597 fines
606 4555 678 4598 suos
702 4531 899 4596 Ariovistum
933 4533 1131 4619 recepissent,
1171 4558 1303 4619 quorum

86 4687 93 4701 .
208 4633 325 4720 oppida
346 4633 451 4697 omnia
467 4633 499 4697 in
515 4640 670 4718 potestate
688 4628 754 4716 ejus
779 4642 891 4713 essent,
906 4655 1013 4699 omnes
1029 4634 1185 4701 cruciatus
1201 4643 1303 4702 essent

210 4733 415 4821 perferendi.”

208 4859 226 4896 ὕ
248 4859 334 4913 When
346 4878 362 4914 a
373 4877 448 4913 name
461 4860 483 4914 is
495 4858 595 4930 printed
607 4860 634 4913 in
648 4858 743 4923 Italics,
760 4859 781 4912 it
793 4858 845 4912 will
856 4857 888 4912 bc
901 4859 1004 4914 noticed
1016 4861 1043 4933 ip
1055 4859 1099 4914 tho
1114 4860 1300 4933 Epllcgomeuu.
