2886 5378
568 809 850 866 arlanconem.
1148 857 1154 865 ,
1190 790 1250 858 xiii

159 971 316 1036 intereos
337 973 476 1058 generosi
498 971 669 1047 extabant3
694 993 733 1036 ex
756 970 867 1054 quibus
889 969 933 1034 eis
947 976 980 1033 et
995 990 1092 1053 reges,
1108 977 1140 1032 et
1155 990 1251 1032 sacer·

161 1070 252 1137 dotes
268 1072 500 1138 ordinabantur.
536 1072 628 1137 Adeo
643 1095 716 1158 ergo
731 1071 816 1135 fuere
831 1069 950 1134 laudati
965 1069 1065 1145 Geta,
1084 1081 1119 1133 ut
1137 1067 1254 1133 dudum

164 1171 313 1251 Martem,
331 1197 421 1258 quem
437 1182 600 1258 poetarum
616 1171 739 1237 fallacia
753 1171 847 1236 deum
870 1169 942 1234 belli
962 1169 1156 1255 pronunciat,
1173 1168 1257 1254 apud

161 1295 214 1337 eos
231 1273 323 1339 fuisse
339 1274 445 1338 dicant
459 1282 614 1338 exortum.
661 1271 755 1337 Unde
770 1280 803 1337 et
819 1270 981 1357 Virgilius,

326 1442 344 1470 “
353 1440 547 1512 Gradivumque
559 1450 667 1512 patrem,
679 1439 780 1492 Geticis
792 1439 835 1509 qui
849 1437 969 1509 praesidet
982 1436 1077 1489 srvis.'‘

164 1586 264 1668 Quem
294 1585 432 1652 Martem
456 1586 554 1651 Gothi
586 1608 708 1671 semper
736 1583 906 1669 asperrima
932 1583 1094 1668 placavere
1125 1584 1256 1648 cultura.

164 1688 245 1752 Nam
262 1685 398 1751 victimas
420 1685 486 1774 ejus
508 1695 623 1752 mortes
640 1686 725 1750 fuere
740 1693 913 1770 captorum,
930 1684 1092 1767 opinantes
1106 1683 1257 1750 bellorum

163 1787 324 1872 praesulem
339 1788 443 1874 aptius
457 1787 585 1852 humani
600 1786 758 1872 sanguinis
772 1784 920 1849 effusione
931 1784 1128 1868 placandum.
1173 1785 1259 1850 Huic

164 1888 277 1973 praedae
292 1888 462 1973 primordia
476 1888 680 1964 vovebantur,
696 1886 768 1950 huic
784 1884 902 1949 truncis
917 1884 1184 1970 suspendebantur
1206 1910 1259 1950 ex-

166 1989 266 2053 uviae:
291 1997 418 2073 eratque
440 1989 501 2054 illis
523 1987 680 2074 religionis
701 1993 814 2072 praeter
839 1992 967 2049 caeteros
990 1984 1163 2049 insinuatus
1185 1987 1260 2051 affe·

165 2097 246 2165 ctus,
262 2112 356 2174 quum
373 2089 494 2174 parenti
510 2088 635 2152 devotio
649 2086 782 2152 nominis
796 2085 954 2150 videretur
970 2085 1118 2169 impendi.
1152 2085 1260 2151 Tertia

165 2212 239 2253 vero
265 2189 354 2254 sedes
379 2212 473 2275 supra
491 2211 576 2253 mare
604 2187 781 2252 Ponticum.
828 2185 903 2250 Jarn
925 2185 1131 2264 humaniores,
1156 2195 1198 2262 ct,
1225 2196 1261 2252 ut

167 2290 307 2374 superius
338 2289 484 2366 diximus,
516 2288 730 2374 prudentiores
763 2286 875 2364 effecti,
909 2285 998 2351 divisi
1037 2307 1093 2371 per
1128 2287 1262 2354 familias

167 2389 281 2473 populi,
300 2389 501 2475 Wesegothae
523 2388 648 2454 familiae
666 2387 860 2464 Balthorum,
885 2385 1083 2472 Ostrogothae
1107 2387 1262 2472 praeclaris

171 2489 293 2555 Amatis
315 2489 501 2555 serviebant.
545 2491 685 2572 Quorum
699 2487 838 2554 studium
853 2486 913 2551 fuit
929 2487 1073 2572 primurn,
1090 2487 1171 2552 inter
1185 2488 1262 2554 alias

167 2599 276 2674 gentes
298 2590 424 2668 vicinas,
446 2612 536 2655 arcus
550 2589 711 2655 intendere
728 2587 850 2663 nervis;
880 2587 1017 2665 Lucano,
1032 2588 1102 2673 plus
1117 2588 1263 2653 historico

170 2713 263 2774 quam
280 2699 382 2776 poeta,
398 2698 546 2768 testante,

380 2845 592 2916 “Armeniosque
604 2862 678 2898 arcus
690 2844 790 2898 Geticis
803 2843 934 2898 intendere
946 2845 1060 2900 nervis.”

171 2992 259 3056 Ante
284 3011 360 3074 quos
386 2991 481 3055 etiam
508 2998 603 3054 cantu
623 2985 776 3075 majorum
790 2989 875 3054 facta
889 2988 1152 3055 modulationibus
1166 2991 1264 3057 citha·

171 3092 272 3176 risque
304 3090 467 3166 canebant,
500 3089 746 3176 Ethespamarae,
771 3089 914 3165 Hanalae,
945 3089 1130 3177 Fridigerni,
1158 3092 1262 3158 Widi·

171 3193 258 3268 cula,
282 3199 314 3256 et
343 3191 483 3268 aliorum,
512 3213 641 3275 quornm
672 3191 703 3254 iu
734 3190 792 3255 hac
820 3198 914 3275 gente
942 3213 1057 3277 magna
1078 3193 1182 3278 opinio
1203 3202 1263 3271 est,

170 3293 275 3377 quales
292 3292 344 3356 vix
369 3291 480 3356 heroas
501 3290 594 3356 fuisse
612 3289 754 3355 miranda
769 3288 873 3376 jactat
888 3290 1068 3376 antiquitas.
1112 3292 1212 3369 Tunc,
1228 3305 1264 3360 ut

169 3394 278 3470 fertur,
296 3392 432 3458 Vesoces
448 3390 575 3477 Scythis
589 3391 811 3476 lachrymabile
826 3390 884 3454 sibi
900 3392 1003 3476 potius
1017 3392 1123 3457 intulit
1138 3394 1264 3469 bellum,

172 3496 216 3559 eis
241 3492 395 3569 videlicet,
423 3514 499 3576 quos
518 3493 715 3555 Amazonum
738 3490 818 3556 viros
840 3490 942 3575 prisca
962 3492 1060 3555 tradit
1084 3495 1263 3561 auctoritas.

173 3594 222 3659 De
236 3593 322 3678 queis
336 3592 467 3657 feminas
482 3591 656 3656 bellatrices
673 3601 704 3655 et
721 3590 849 3656 Orosius
864 3591 894 3655 in
911 3591 1010 3676 primo
1026 3592 1180 3657 volumine
1195 3617 1264 3679 pro-

170 3695 251 3759 fessa
268 3716 341 3757 voce
367 3699 512 3757 testatur.
564 3691 660 3756 Unde
688 3712 759 3755 cunr
787 3690 901 3756 Gothis
924 3714 994 3755 eum
1021 3692 1182 3758 dimicasse
1202 3695 1265 3760 evi·

174 3794 283 3858 denter
309 3793 486 3878 probamus,
512 3815 604 3876 quem
632 3814 703 3856 cum
721 3791 917 3856 Amazonum
943 3792 1017 3856 viris
1043 3792 1183 3858 absolute
1208 3818 1265 3880 pu·

174 3917 284 3978 gnasse
298 3891 529 3978 cognoscimus:
549 3892 601 3978 qui
616 3899 690 3957 tunc
705 3914 725 3956 a
739 3891 924 3957 Boristhene
933 3915 1034 3969 amne,
1046 3916 1137 3977 quem
1152 3895 1264 3960 accolae

174 3994 354 4058 Danubium
369 4000 491 4069 vocant,
507 4015 603 4077 usque
620 3992 660 4057 ad
676 3992 796 4056 Tanain
813 3990 951 4074 fluvium,
966 3993 1048 4057 circa
1062 3993 1163 4059 sinum
1179 3995 1265 4080 palu·

174 4095 221 4159 dis
249 4094 409 4158 Maeotidis
434 4093 645 4158 considebant.
691 4092 812 4159 Tanain
834 4116 908 4157 vero
937 4092 1019 4157 hunc
1045 4093 1125 4170 dico,
1152 4095 1265 4180 quiex

175 4195 304 4279 Ripheis
326 4193 484 4258 montibus
505 4191 643 4279 dejectus
665 4192 744 4259 adeo
761 4217 898 4279 praceps
912 4193 984 4270 ruit,
1003 4205 1039 4258 ut
1054 4217 1148 4279 quum
1165 4196 1266 4262 vicina

175 4293 312 4371 flumina,
343 4295 407 4359 sive
441 4293 578 4369 Maeotis,
610 4294 659 4358 vel
693 4292 850 4380 Bosporus
875 4294 947 4379 gelu
972 4294 1151 4374 solidentur,
1183 4297 1266 4363 solus

175 4396 313 4461 amnium
337 4395 526 4481 confragosis
548 4393 706 4459 montibus
732 4403 908 4480 vaporatus,
932 4418 1089 4480 nunqnam
1116 4395 1265 4484 Scythico

176 4497 312 4562 durescit
334 4497 449 4582 algore.
502 4495 565 4561 Hic
590 4496 672 4559 inter
689 4494 799 4560 Asiam
824 4495 1042 4582 Europamque
1057 4498 1208 4564 terminus
1222 4499 1266 4563 fa·

176 4621 280 4663 mosus
294 4597 445 4662 habetur:
470 4619 543 4661 nam
560 4598 703 4661 altercat
722 4596 784 4673 ille,
803 4596 854 4680 qui
878 4598 1035 4662 montibus
1058 4597 1265 4663 Ohrinnornm

176 4701 288 4768 oriens.
314 4699 343 4761 in
369 4696 516 4782 Caspium
539 4721 624 4763 mare
648 4696 805 4762 dilabitur.
859 4697 1022 4762 Danubius
1047 4711 1153 4763 autern
1180 4713 1268 4763 ortus

175 4799 285 4883 grandi
311 4798 433 4882 palude,
460 4798 547 4882 quasi
577 4820 617 4863 ex
647 4798 724 4863 mari
757 4797 962 4884 profunditur.
1019 4797 1082 4863 Hic
1109 4798 1268 4882 usquead

184 4972 478 5048 ,Δ
