2886 5378
181 785 226 831 cx
449 773 525 829 THE
553 775 733 831 GERMANY
760 777 808 832 OF
832 777 999 833 malros

180 946 275 1015 cerat,
305 937 357 1001 alii
389 935 441 1019 qui
472 943 562 1021 terga
592 937 805 1023 circumgressi
836 939 1032 1006 recluderent
1057 940 1209 1004 humum:
1242 949 1274 1006 et

180 1038 319 1122 utrisque
348 1035 451 1100 adfuit
485 1035 620 1101 fortuna.
677 1036 726 1102 Eo
758 1041 930 1126 promptior
961 1040 1065 1106 Gaear
1095 1039 1196 1126 pergit
1225 1041 1273 1106 in·

179 1147 307 1214 trorsus,
336 1136 512 1222 populatur,
541 1136 695 1202 exscindit
725 1161 786 1203 uou
816 1162 927 1206 ausum
953 1140 1100 1228 congredi
1126 1139 1270 1205 hostem:

180 1245 237 1303 aut
256 1237 355 1303 sicubi
378 1236 547 1312 restiterat,
571 1237 679 1302 statim
699 1238 833 1324 pulsnm,
857 1263 915 1305 uec
937 1263 1085 1326 umquam
1103 1242 1212 1325 magis,
1235 1251 1272 1307 nt

180 1361 221 1402 ex
246 1337 379 1424 captivis
404 1335 563 1423 cognitum
583 1352 640 1416 est,
667 1348 844 1423 paventem.
891 1341 1013 1428 Quippe
1042 1350 1063 1380 ‘⁴
1080 1340 1212 1407 invictos
1241 1350 1273 1406 et

178 1439 273 1505 nullis
281 1438 403 1504 casibus
413 1436 603 1522 superabiles
612 1437 797 1506 Romanos”
812 1441 1034 1526 praedicabant,
1050 1448 1071 1477 “
1086 1441 1137 1525 qui
1148 1441 1273 1527 perdita

180 1539 287 1619 classe,
320 1537 442 1603 amissis
470 1537 574 1614 armis,
606 1545 677 1623 post
708 1549 867 1606 constrata
895 1565 1044 1626 equorum
1075 1542 1272 1626 virorumque

181 1639 360 1725 corporibus
385 1638 488 1718 litora,
512 1637 622 1702 eadem
644 1637 772 1716 virtute,
788 1642 855 1727 pari
870 1642 994 1720 ferocia,
1010 1651 1043 1709 et
1064 1641 1162 1707 veluti
1185 1643 1271 1707 aucti

180 1762 309 1804 numero
327 1737 546 1825 inrupissent.'’

224 1839 362 1906 XXVI.
386 1838 549 1904 Reductus
577 1839 650 1903 inde
684 1841 715 1905 in
750 1842 881 1908 hiberna
910 1843 1009 1918 miles,
1043 1843 1135 1908 latus
1165 1841 1271 1920 animi,

178 1941 262 2026 quod
288 1941 419 2006 adversa
445 1937 550 2014 maris,
574 1939 773 2023 expeditione
797 1966 944 2030 prospera
974 1943 1185 2030 pensavisset:
1216 1943 1271 2007 ad-

180 2041 261 2106 didit
286 2037 530 2105 munificentiam
560 2039 673 2118 Caesar,
703 2051 853 2126 quautam
883 2045 952 2128 quis
982 2043 1087 2108 damni
1117 2043 1273 2129 professus

179 2151 257 2220 erat,
290 2140 488 2206 exsolvendo.
548 2139 614 2203 Nec
646 2140 775 2207 dubium
805 2144 988 2222 habebatur,
1018 2144 1123 2209 labare
1155 2143 1270 2216 hostes,

178 2242 385 2329 peteudaeque
408 2241 493 2325 pacis
519 2238 647 2304 consilia
672 2264 802 2321 sumere,
830 2253 861 2309 et
886 2246 912 2310 si
936 2245 1079 2331 proxima
1100 2251 1191 2309 aestas
1216 2243 1271 2307 ad-

173 2340 333 2428 jiceretur,
349 2363 438 2428 posse
461 2339 576 2406 bellurn
598 2342 734 2425 patrari:
762 2344 816 2409 sed
839 2345 954 2411 crebris
975 2345 1114 2431 epistolis
1129 2343 1272 2409 Tiberius

179 2445 336 2521 monebat,
353 2442 503 2506 “rediret
520 2441 562 2505 ad
579 2440 740 2507 decretum
762 2445 976 2531 triumphum:
1001 2445 1078 2511 satis
1086 2441 1155 2531 jam
1178 2466 1270 2508 eveu-

179 2552 280 2625 tuum,
308 2544 384 2610 satis
409 2565 555 2607 casuum:
583 2563 730 2628 prospera
754 2544 799 2610 illi
823 2553 855 2610 et
880 2569 994 2632 magna
1014 2546 1138 2632 proelia:
1164 2567 1270 2609 eorum

179 2667 300 2729 quoque
318 2643 517 2717 meminisset,
541 2664 608 2725 quae
630 2644 716 2708 venti
740 2653 772 2709 et
792 2642 914 2722 fluctus,
940 2647 1026 2711 nulla
1055 2646 1142 2711 ducis
1169 2645 1270 2730 culpa,

178 2746 288 2831 gravia
317 2755 421 2810 tamen
449 2752 481 2807 et
504 2765 586 2806 saeva
607 2741 723 2808 damna
743 2744 938 2811 intulissent:
969 2769 1001 2811 se
1026 2747 1132 2811 novies
1153 2768 1173 2810 a
1197 2745 1269 2808 divo

180 2845 326 2931 Augusto
348 2845 380 2911 in
403 2843 603 2908 Germaniam
625 2843 763 2922 missum,
786 2845 876 2929 plura
890 2846 1016 2911 consilio
1039 2868 1132 2930 quarn
1147 2844 1178 2909 vi
1201 2869 1269 2930 per·

180 2946 298 3012 fecisse.
350 2944 403 3009 Sic
426 2941 615 3028 Sugambros
635 2941 668 3006 in
688 2943 877 3010 deditionem
900 2953 1054 3032 acceptos,
1077 2947 1121 3012 sic
1142 2944 1269 3021 Suevos,

181 3067 345 3133 regemque
369 3042 609 3119 Maroboduum,
633 3064 709 3126 pace
735 3044 940 3111 obstrictum:
972 3068 1062 3131 posse
1090 3053 1121 3110 et
1154 3043 1270 3109 Gheru-

180 3168 257 3225 scos,
276 3155 455 3228 ceterasque
488 3141 649 3207 rebellium
677 3153 797 3228 gentes,
827 3145 950 3230 quaudo
979 3146 1128 3210 Romanae
1160 3143 1270 3209 ultioni

180 3249 356 3313 consultum
369 3251 460 3322 esset,
482 3242 612 3307 internis
626 3242 788 3310 discordiis
810 3245 972 3331 relinqui.''
1023 3245 1176 3311 Preeaute
1194 3243 1271 3308 Ger·

180 3346 302 3412 manico
323 3368 440 3413 annum
457 3342 625 3408 efficiendis
648 3344 767 3430 coeptis,
792 3347 895 3412 acrius
913 3346 1098 3411 modestiam
1123 3344 1189 3432 ejus
1214 3344 1269 3409 ad-

181 3449 330 3534 greditur‚
345 3447 479 3514 alterum
503 3444 699 3509 consulatum
720 3444 887 3523 offerendo,
903 3445 991 3533 eujus
1005 3448 1112 3512 munia
1136 3468 1271 3532 praeseus

181 3549 300 3617 obiret:
327 3547 418 3614 simul
440 3545 637 3622 adnectebat,
666 3552 685 3581 “
701 3545 727 3611 si
746 3546 826 3612 foret
850 3548 953 3613 adhuc
976 3547 1164 3623 bellandum,
1180 3546 1272 3610 reliu-

181 3655 290 3734 queret
323 3646 485 3713 materiem
516 3645 611 3711 Drusi
645 3645 749 3712 fratris
777 3647 893 3733 gloriae,
923 3647 975 3732 qui
1005 3648 1089 3712 nullo
1113 3657 1181 3712 tum
1211 3646 1271 3710 alio

180 3750 281 3827 hoste,
296 3747 419 3814 nonnisi
439 3746 523 3833 apud
539 3745 723 3811 Germanias
740 3747 869 3832 adsequi
892 3770 1005 3813 nomeu
1026 3747 1269 3833 imperatorium,

181 3857 214 3914 et
244 3850 407 3934 deportare
438 3847 577 3911 lauream
601 3846 736 3932 posset.”
787 3847 886 3913 Haud
915 3856 1081 3913 cunctatus
1110 3856 1159 3912 est
1187 3846 1271 3910 ultra

182 3949 396 4026 Germanicus,
424 3969 612 4031 quamquam
641 3943 714 4031 fingi
741 3970 779 4012 ea
805 3970 898 4033 seque
925 3972 981 4034 per
1006 3948 1154 4013 iuvidiam
1182 3954 1271 4030 parto

176 4047 244 4136 jam
260 4050 364 4114 decori
380 4048 518 4114 abstrahi
534 4047 730 4133 intelligeret.

616 4253 683 4293 Tac.
708 4253 782 4293 ANN.
806 4254 839 4295 11.

225 4348 356 4413 XLIV.
381 4348 447 4412 Nec
469 4345 570 4410 multo
594 4353 664 4429 post
690 4344 813 4410 Drusus
835 4344 867 4408 iu
894 4343 1056 4430 Illyricum
1079 4342 1191 4408 missus
1214 4351 1271 4418 est,

182 4458 218 4515 ut
235 4457 389 4515 suesceret
404 4446 534 4523 militiae,
551 4444 715 4529 studiaque
730 4443 1049 4528 exercituspararem
1075 4442 1166 4508 simul
1182 4440 1274 4527 juve·

180 4573 253 4615 uem
274 4549 393 4614 urbano
420 4548 497 4611 luxu
522 4545 736 4610 lascivientem
758 4542 869 4609 melius
895 4544 926 4608 in
952 4541 1061 4608 eastris
1085 4541 1193 4606 haberi
1222 4541 1274 4605 Ti-

179 4650 293 4729 berius,
318 4672 411 4733 seque
437 4647 586 4712 tutiorem
616 4645 752 4722 rebatur,
783 4652 915 4729 utroque
941 4641 1004 4707 filio
1030 4643 1167 4728 legiones
1195 4642 1274 4707 obti-

182 4760 285 4818 uente.
331 4749 395 4814 Sed
417 4747 511 4813 Suevi
536 4746 823 4833 praetendebantur,
848 4745 1001 4810 auxilium
1025 4743 1174 4808 adversus
1195 4742 1274 4809 ohe-
