<?xml version="1.0" encoding="UTF-8"?>
<!DOCTYPE html PUBLIC "-//W3C//DTD XHTML 1.0 Transitional//EN"
    "http://www.w3.org/TR/xhtml1/DTD/xhtml1-transitional.dtd">
<html xmlns="http://www.w3.org/1999/xhtml" xml:lang="en" lang="en">
 <head>
  <title>
</title>
<meta http-equiv="Content-Type" content="text/html;charset=utf-8" />
  <meta name='ocr-system' content='tesseract 3.04.00' />
  <meta name='ocr-capabilities' content='ocr_page ocr_carea ocr_par ocr_line ocrx_word'/>
</head>
<body>
  <div class='ocr_page' id='page_1' title='image "./germaniatacitus00lathgoog_0219.png"; bbox 0 0 2886 5378; ppageno 0'>
   <div class='ocr_carea' id='block_1_1' title="bbox 196 741 1006 813">
    <p class='ocr_par' dir='ltr' id='par_1_1' title="bbox 196 741 1006 813">
     <span class='ocr_line' id='line_1_1' title="bbox 196 741 1006 813; baseline -0.009 -1"><span class='ocrx_word' id='word_1_1' title='bbox 196 741 243 813; x_wconf 76' lang='lat'><strong>72</strong></span> <span class='ocrx_word' id='word_1_2' title='bbox 465 756 541 810; x_wconf 84' lang='lat' dir='ltr'><strong>rna</strong></span> <span class='ocrx_word' id='word_1_3' title='bbox 564 755 745 810; x_wconf 76' lang='lat' dir='ltr'><strong>sunnam</strong></span> <span class='ocrx_word' id='word_1_4' title='bbox 768 755 816 809; x_wconf 81' lang='lat' dir='ltr'><strong>or</strong></span> <span class='ocrx_word' id='word_1_5' title='bbox 840 753 1006 810; x_wconf 71' lang='lat' dir='ltr'><strong>ricinus.</strong></span> 
     </span>
    </p>
   </div>
   <div class='ocr_carea' id='block_1_2' title="bbox 559 975 922 1016">
    <p class='ocr_par' dir='ltr' id='par_1_2' title="bbox 559 975 922 1016">
     <span class='ocr_line' id='line_1_2' title="bbox 559 975 922 1016; baseline 0.003 -1"><span class='ocrx_word' id='word_1_6' title='bbox 559 975 632 1015; x_wconf 74' lang='lat' dir='ltr'><strong>nors</strong></span> <span class='ocrx_word' id='word_1_7' title='bbox 653 975 690 1015; x_wconf 76' lang='grc' dir='ltr'><strong>ΟΝ</strong></span> <span class='ocrx_word' id='word_1_8' title='bbox 712 975 827 1016; x_wconf 67' lang='lat' dir='ltr'><strong>semron</strong></span> <span class='ocrx_word' id='word_1_9' title='bbox 848 976 922 1016; x_wconf 84' lang='lat' dir='ltr'><strong>xxn.</strong></span> 
     </span>
    </p>
   </div>
   <div class='ocr_carea' id='block_1_3' title="bbox 196 1108 1285 1286">
    <p class='ocr_par' dir='ltr' id='par_1_3' title="bbox 196 1108 1285 1286">
     <span class='ocr_line' id='line_1_3' title="bbox 237 1108 1285 1191; baseline -0.005 -20"><span class='ocrx_word' id='word_1_10' title='bbox 237 1119 245 1153; x_wconf 95' lang='lat'><strong>¹</strong></span> <span class='ocrx_word' id='word_1_11' title='bbox 268 1109 545 1191; x_wconf 48' lang='lat' dir='ltr'><strong>lecantari-The</strong></span> <span class='ocrx_word' id='word_1_12' title='bbox 559 1131 607 1169; x_wconf 84' lang='lat' dir='ltr'><strong>uae</strong></span> <span class='ocrx_word' id='word_1_13' title='bbox 620 1111 652 1168; x_wconf 88' lang='lat' dir='ltr'><strong>of</strong></span> <span class='ocrx_word' id='word_1_14' title='bbox 669 1111 718 1170; x_wconf 86' lang='lat' dir='ltr'><strong>the</strong></span> <span class='ocrx_word' id='word_1_15' title='bbox 733 1112 802 1171; x_wconf 89' lang='lat' dir='ltr'><strong>bath</strong></span> <span class='ocrx_word' id='word_1_16' title='bbox 817 1113 841 1170; x_wconf 90' lang='lat' dir='ltr'><strong>is</strong></span> <span class='ocrx_word' id='word_1_17' title='bbox 854 1110 1017 1189; x_wconf 84' lang='lat' dir='ltr'><strong>recogniscd</strong></span> <span class='ocrx_word' id='word_1_18' title='bbox 1038 1109 1215 1188; x_wconf 78' lang='lat' dir='ltr'><strong>throughout</strong></span> <span class='ocrx_word' id='word_1_19' title='bbox 1236 1108 1285 1167; x_wconf 87' lang='lat' dir='ltr'><strong>tbc</strong></span> 
     </span>
     <span class='ocr_line' id='line_1_4' title="bbox 196 1209 463 1286; baseline -0.011 -17"><span class='ocrx_word' id='word_1_20' title='bbox 196 1209 252 1269; x_wconf 88' lang='lat' dir='ltr'><strong>Old</strong></span> <span class='ocrx_word' id='word_1_21' title='bbox 266 1210 355 1268; x_wconf 79' lang='lat' dir='ltr'><strong>Norae</strong></span> <span class='ocrx_word' id='word_1_22' title='bbox 370 1209 463 1286; x_wconf 80' lang='lat' dir='ltr'><strong>Sagae.</strong></span> 
     </span>
    </p>
   </div>
   <div class='ocr_carea' id='block_1_4' title="bbox 633 1431 846 1444">
    <p class='ocr_par' dir='ltr' id='par_1_4' title="bbox 633 1431 846 1444">
     <span class='ocr_line' id='line_1_5' title="bbox 633 1431 846 1444; baseline -0.014 0"><span class='ocrx_word' id='word_1_23' title='bbox 633 1431 846 1444; x_wconf 80' lang='lat'>——--—-</span> 
     </span>
    </p>
   </div>
   <div class='ocr_carea' id='block_1_5' title="bbox 195 1652 1286 2566">
    <p class='ocr_par' dir='ltr' id='par_1_5' title="bbox 195 1652 1286 2566">
     <span class='ocr_line' id='line_1_6' title="bbox 247 1652 1285 1733; baseline -0.006 -8"><span class='ocrx_word' id='word_1_24' title='bbox 247 1652 399 1725; x_wconf 91' lang='lat' dir='ltr'>XXIII.</span> <span class='ocrx_word' id='word_1_25' title='bbox 426 1653 532 1725; x_wconf 89' lang='lat' dir='ltr'><strong>Potui</strong></span> <span class='ocrx_word' id='word_1_26' title='bbox 560 1653 688 1725; x_wconf 89' lang='lat' dir='ltr'><strong>humor</strong></span> <span class='ocrx_word' id='word_1_27' title='bbox 715 1676 762 1724; x_wconf 87' lang='lat' dir='ltr'><strong>ex</strong></span> <span class='ocrx_word' id='word_1_28' title='bbox 784 1653 917 1724; x_wconf 89' lang='lat' dir='ltr'><strong>hordeo</strong></span> <span class='ocrx_word' id='word_1_29' title='bbox 942 1661 1005 1724; x_wconf 91' lang='lat' dir='ltr'><strong>aut</strong></span> <span class='ocrx_word' id='word_1_30' title='bbox 1031 1653 1218 1733; x_wconf 85' lang='lat' dir='ltr'><strong>frumento,</strong></span> <span class='ocrx_word' id='word_1_31' title='bbox 1246 1652 1285 1720; x_wconf 94' lang='lat' dir='ltr'><strong>in</strong></span> 
     </span>
     <span class='ocr_line' id='line_1_7' title="bbox 195 1768 1285 1864; baseline -0.006 -22"><span class='ocrx_word' id='word_1_32' title='bbox 195 1771 386 1864; x_wconf 91' lang='lat' dir='ltr'><strong>quamdam</strong></span> <span class='ocrx_word' id='word_1_33' title='bbox 400 1770 668 1842; x_wconf 85' lang='lat' dir='ltr'><strong>similitudinem</strong></span> <span class='ocrx_word' id='word_1_34' title='bbox 689 1772 760 1841; x_wconf 85' lang='lat' dir='ltr'><strong>vini</strong></span> <span class='ocrx_word' id='word_1_35' title='bbox 774 1773 981 1863; x_wconf 80' lang='lat' dir='ltr'><strong>corruptus¹</strong></span> <span class='ocrx_word' id='word_1_36' title='bbox 1027 1768 1184 1839; x_wconf 85' lang='lat' dir='ltr'><strong>Proximi</strong></span> <span class='ocrx_word' id='word_1_37' title='bbox 1200 1768 1285 1859; x_wconf 82' lang='lat' dir='ltr'><strong>ripae</strong></span> 
     </span>
     <span class='ocr_line' id='line_1_8' title="bbox 197 1886 1285 1981; baseline -0.005 -23"><span class='ocrx_word' id='word_1_38' title='bbox 197 1897 235 1958; x_wconf 91' lang='lat' dir='ltr'><strong>et</strong></span> <span class='ocrx_word' id='word_1_39' title='bbox 260 1889 383 1958; x_wconf 88' lang='lat' dir='ltr'><strong>vinum</strong></span> <span class='ocrx_word' id='word_1_40' title='bbox 407 1897 618 1959; x_wconf 86' lang='lat' dir='ltr'><strong>mercantur.</strong></span> <span class='ocrx_word' id='word_1_41' title='bbox 671 1887 751 1958; x_wconf 82' lang='lat' dir='ltr'><strong>Cibi</strong></span> <span class='ocrx_word' id='word_1_42' title='bbox 770 1888 967 1981; x_wconf 84' lang='lat' dir='ltr'>simplices:</span> <span class='ocrx_word' id='word_1_43' title='bbox 996 1886 1149 1980; x_wconf 82' lang='lat' dir='ltr'><strong>agrestia</strong></span> <span class='ocrx_word' id='word_1_44' title='bbox 1169 1906 1285 1978; x_wconf 89' lang='lat' dir='ltr'><strong>poma,</strong></span> 
     </span>
     <span class='ocr_line' id='line_1_9' title="bbox 195 2002 1286 2096; baseline -0.006 -20"><span class='ocrx_word' id='word_1_45' title='bbox 195 2028 319 2076; x_wconf 86' lang='lat' dir='ltr'><strong>recens</strong></span> <span class='ocrx_word' id='word_1_46' title='bbox 342 2006 425 2087; x_wconf 84' lang='lat' dir='ltr'><strong>fera,</strong></span> <span class='ocrx_word' id='word_1_47' title='bbox 453 2015 517 2075; x_wconf 91' lang='lat' dir='ltr'><strong>aut</strong></span> <span class='ocrx_word' id='word_1_48' title='bbox 543 2005 597 2075; x_wconf 86' lang='lat' dir='ltr'><strong>lac</strong></span> <span class='ocrx_word' id='word_1_49' title='bbox 628 2014 844 2075; x_wconf 91' lang='lat' dir='ltr'><strong>concretum.</strong></span> <span class='ocrx_word' id='word_1_50' title='bbox 897 2002 983 2074; x_wconf 86' lang='lat' dir='ltr'><strong>Sine</strong></span> <span class='ocrx_word' id='word_1_51' title='bbox 1006 2011 1186 2096; x_wconf 91' lang='lat' dir='ltr'><strong>apparatu,</strong></span> <span class='ocrx_word' id='word_1_52' title='bbox 1209 2002 1286 2072; x_wconf 84' lang='lat' dir='ltr'><strong>eine</strong></span> 
     </span>
     <span class='ocr_line' id='line_1_10' title="bbox 196 2119 1284 2214; baseline -0.005 -22"><span class='ocrx_word' id='word_1_53' title='bbox 196 2121 449 2193; x_wconf 82' lang='lat' dir='ltr'><strong>blandimentis</strong></span> <span class='ocrx_word' id='word_1_54' title='bbox 479 2121 665 2214; x_wconf 84' lang='lat' dir='ltr'><strong>expellunt</strong></span> <span class='ocrx_word' id='word_1_55' title='bbox 690 2123 830 2193; x_wconf 87' lang='lat' dir='ltr'><strong>famem.</strong></span> <span class='ocrx_word' id='word_1_56' title='bbox 883 2119 1063 2191; x_wconf 76' lang='lat' dir='ltr'><strong>Adversus</strong></span> <span class='ocrx_word' id='word_1_57' title='bbox 1082 2120 1190 2200; x_wconf 87' lang='lat' dir='ltr'><strong>sitim,</strong></span> <span class='ocrx_word' id='word_1_58' title='bbox 1213 2140 1284 2188; x_wconf 92' lang='lat' dir='ltr'><strong>non</strong></span> 
     </span>
     <span class='ocr_line' id='line_1_11' title="bbox 196 2237 1286 2332; baseline -0.004 -23"><span class='ocrx_word' id='word_1_59' title='bbox 196 2239 322 2309; x_wconf 86' lang='lat' dir='ltr'><strong>eadem</strong></span> <span class='ocrx_word' id='word_1_60' title='bbox 356 2240 602 2332; x_wconf 83' lang='lat' dir='ltr'><strong>temperantia.</strong></span> <span class='ocrx_word' id='word_1_61' title='bbox 654 2239 693 2309; x_wconf 85' lang='lat' dir='ltr'><strong>Si</strong></span> <span class='ocrx_word' id='word_1_62' title='bbox 728 2238 915 2309; x_wconf 88' lang='lat' dir='ltr'><strong>indulseris</strong></span> <span class='ocrx_word' id='word_1_63' title='bbox 949 2237 1124 2319; x_wconf 81' lang='lat' dir='ltr'><strong>ebrietati,</strong></span> <span class='ocrx_word' id='word_1_64' title='bbox 1158 2258 1286 2328; x_wconf 86' lang='lat' dir='ltr'><strong>sugge-</strong></span> 
     </span>
     <span class='ocr_line' id='line_1_12' title="bbox 197 2352 1284 2449; baseline -0.004 -24"><span class='ocrx_word' id='word_1_65' title='bbox 197 2357 306 2426; x_wconf 90' lang='lat' dir='ltr'><strong>rendo</strong></span> <span class='ocrx_word' id='word_1_66' title='bbox 330 2368 501 2449; x_wconf 90' lang='lat' dir='ltr'><strong>quantum</strong></span> <span class='ocrx_word' id='word_1_67' title='bbox 520 2357 783 2448; x_wconf 89' lang='lat' dir='ltr'><strong>concupiscunt,</strong></span> <span class='ocrx_word' id='word_1_68' title='bbox 802 2356 895 2425; x_wconf 87' lang='lat' dir='ltr'><strong>haud</strong></span> <span class='ocrx_word' id='word_1_69' title='bbox 918 2353 1033 2425; x_wconf 81' lang='lat' dir='ltr'><strong>miuds</strong></span> <span class='ocrx_word' id='word_1_70' title='bbox 1059 2352 1161 2424; x_wconf 72' lang='lat' dir='ltr'><strong>facile</strong></span> <span class='ocrx_word' id='word_1_71' title='bbox 1179 2353 1284 2434; x_wconf 85' lang='lat' dir='ltr'><strong>vitiis,</strong></span> 
     </span>
     <span class='ocr_line' id='line_1_13' title="bbox 197 2473 639 2566; baseline -0.009 -24"><span class='ocrx_word' id='word_1_72' title='bbox 197 2474 303 2566; x_wconf 76' lang='lat' dir='ltr'><strong>quarn</strong></span> <span class='ocrx_word' id='word_1_73' title='bbox 321 2473 426 2543; x_wconf 88' lang='lat' dir='ltr'><strong>armis</strong></span> <span class='ocrx_word' id='word_1_74' title='bbox 443 2475 639 2543; x_wconf 84' lang='lat' dir='ltr'><strong>vincentur.</strong></span> 
     </span>
    </p>
   </div>
   <div class='ocr_carea' id='block_1_6' title="bbox 557 2674 932 2717">
    <p class='ocr_par' dir='ltr' id='par_1_6' title="bbox 557 2674 932 2717">
     <span class='ocr_line' id='line_1_14' title="bbox 557 2674 932 2717; baseline 0.003 -2"><span class='ocrx_word' id='word_1_75' title='bbox 557 2676 629 2716; x_wconf 82' lang='lat' dir='ltr'>NO&#39;I&#39;E</span> <span class='ocrx_word' id='word_1_76' title='bbox 650 2675 687 2715; x_wconf 77' lang='grc' dir='ltr'><strong>ΟΝ</strong></span> <span class='ocrx_word' id='word_1_77' title='bbox 708 2674 823 2717; x_wconf 69' lang='lat' dir='ltr'><strong>amnon</strong></span> <span class='ocrx_word' id='word_1_78' title='bbox 844 2676 932 2716; x_wconf 80' lang='lat' dir='ltr'><strong>xxm.</strong></span> 
     </span>
    </p>
   </div>
   <div class='ocr_carea' id='block_1_7' title="bbox 194 2810 1287 3075">
    <p class='ocr_par' dir='ltr' id='par_1_7' title="bbox 194 2810 1287 3075">
     <span class='ocr_line' id='line_1_15' title="bbox 237 2810 1286 2892; baseline 0.003 -26"><span class='ocrx_word' id='word_1_79' title='bbox 237 2815 245 2849; x_wconf 95' lang='lat'><strong>¹</strong></span> <span class='ocrx_word' id='word_1_80' title='bbox 268 2811 383 2868; x_wconf 79' lang='lat' dir='ltr'><strong>Humor</strong></span> <span class='ocrx_word' id='word_1_81' title='bbox 402 2831 433 2868; x_wconf 72' lang='lat' dir='ltr'><strong>ex</strong></span> <span class='ocrx_word' id='word_1_82' title='bbox 453 2812 552 2868; x_wconf 73' lang='lat' dir='ltr'><strong>hordeo</strong></span> <span class='ocrx_word' id='word_1_83' title='bbox 572 2821 623 2869; x_wconf 75' lang='lat' dir='ltr'><strong>ortt</strong></span> <span class='ocrx_word' id='word_1_84' title='bbox 636 2810 1105 2892; x_wconf 71' lang='lat' dir='ltr'><strong>frumento—corruptus.]-Both</strong></span> <span class='ocrx_word' id='word_1_85' title='bbox 1125 2811 1174 2870; x_wconf 88' lang='lat' dir='ltr'><strong>the</strong></span> <span class='ocrx_word' id='word_1_86' title='bbox 1195 2810 1286 2869; x_wconf 80' lang='lat' dir='ltr'><strong>words</strong></span> 
     </span>
     <span class='ocr_line' id='line_1_16' title="bbox 196 2907 1287 2985; baseline 0.001 -21"><span class='ocrx_word' id='word_1_87' title='bbox 196 2908 240 2965; x_wconf 80' lang='lat' dir='ltr'><strong>ale</strong></span> <span class='ocrx_word' id='word_1_88' title='bbox 253 2907 309 2965; x_wconf 88' lang='lat' dir='ltr'><strong>and</strong></span> <span class='ocrx_word' id='word_1_89' title='bbox 324 2909 383 2965; x_wconf 82' lang='lat' dir='ltr'><strong>beer</strong></span> <span class='ocrx_word' id='word_1_90' title='bbox 397 2909 486 2966; x_wconf 83' lang='lat' dir='ltr'><strong>areos</strong></span> <span class='ocrx_word' id='word_1_91' title='bbox 502 2909 655 2967; x_wconf 82' lang='lat' dir='ltr'><strong>Germanic</strong></span> <span class='ocrx_word' id='word_1_92' title='bbox 669 2909 770 2985; x_wconf 84' lang='lat' dir='ltr'><strong>origin.</strong></span> <span class='ocrx_word' id='word_1_93' title='bbox 814 2908 875 2967; x_wconf 78' lang='lat' dir='ltr'><strong>The</strong></span> <span class='ocrx_word' id='word_1_94' title='bbox 889 2908 983 2968; x_wconf 88' lang='lat' dir='ltr'><strong>Kcltic</strong></span> <span class='ocrx_word' id='word_1_95' title='bbox 998 2917 1078 2981; x_wconf 86' lang='lat' dir='ltr'><strong>term,</strong></span> <span class='ocrx_word' id='word_1_96' title='bbox 1093 2929 1129 2967; x_wconf 91' lang='lat' dir='ltr'><strong>on</strong></span> <span class='ocrx_word' id='word_1_97' title='bbox 1143 2908 1193 2967; x_wconf 88' lang='lat' dir='ltr'><strong>the</strong></span> <span class='ocrx_word' id='word_1_98' title='bbox 1205 2907 1287 2967; x_wconf 90' lang='lat' dir='ltr'><strong>other</strong></span> 
     </span>
     <span class='ocr_line' id='line_1_17' title="bbox 194 3002 859 3075; baseline 0.005 -14"><span class='ocrx_word' id='word_1_99' title='bbox 194 3002 281 3074; x_wconf 88' lang='lat' dir='ltr'><strong>hand,</strong></span> <span class='ocrx_word' id='word_1_100' title='bbox 295 3003 320 3061; x_wconf 90' lang='lat' dir='ltr'><strong>is</strong></span> <span class='ocrx_word' id='word_1_101' title='bbox 334 3007 602 3075; x_wconf 79' lang='lat' dir='ltr'><strong>cwrrw=ccrcoiaiu,</strong></span> <span class='ocrx_word' id='word_1_102' title='bbox 617 3005 689 3063; x_wconf 86' lang='lat' dir='ltr'><strong>from</strong></span> <span class='ocrx_word' id='word_1_103' title='bbox 704 3004 753 3063; x_wconf 89' lang='lat' dir='ltr'><strong>the</strong></span> <span class='ocrx_word' id='word_1_104' title='bbox 767 3004 859 3065; x_wconf 85' lang='lat' dir='ltr'><strong>Latin.</strong></span> 
     </span>
    </p>
   </div>
   <div class='ocr_carea' id='block_1_8' title="bbox 633 3289 846 3299">
    <p class='ocr_par' dir='ltr' id='par_1_8' title="bbox 633 3289 846 3299">
     <span class='ocr_line' id='line_1_18' title="bbox 633 3289 846 3299; baseline 0.009 -2"><span class='ocrx_word' id='word_1_105' title='bbox 633 3289 846 3299; x_wconf 85' lang='lat'><strong>-—-——</strong></span> 
     </span>
    </p>
   </div>
   <div class='ocr_carea' id='block_1_9' title="bbox 195 3541 1287 4809">
    <p class='ocr_par' dir='ltr' id='par_1_9' title="bbox 195 3541 1287 4809">
     <span class='ocr_line' id='line_1_19' title="bbox 245 3541 1284 3637; baseline 0.002 -25"><span class='ocrx_word' id='word_1_106' title='bbox 245 3541 395 3613; x_wconf 91' lang='lat' dir='ltr'>XXIV.</span> <span class='ocrx_word' id='word_1_107' title='bbox 424 3541 547 3612; x_wconf 85' lang='lat' dir='ltr'><strong>Genus</strong></span> <span class='ocrx_word' id='word_1_108' title='bbox 568 3542 849 3634; x_wconf 85' lang='lat' dir='ltr'><strong>spectaculorum</strong></span> <span class='ocrx_word' id='word_1_109' title='bbox 868 3567 988 3626; x_wconf 92' lang='lat' dir='ltr'><strong>unum,</strong></span> <span class='ocrx_word' id='word_1_110' title='bbox 1007 3554 1114 3637; x_wconf 90' lang='lat' dir='ltr'><strong>atquc</strong></span> <span class='ocrx_word' id='word_1_111' title='bbox 1131 3547 1169 3615; x_wconf 92' lang='lat' dir='ltr'><strong>in</strong></span> <span class='ocrx_word' id='word_1_112' title='bbox 1187 3547 1284 3615; x_wconf 92' lang='lat' dir='ltr'><strong>omni</strong></span> 
     </span>
     <span class='ocr_line' id='line_1_20' title="bbox 195 3657 1284 3752; baseline 0.003 -23"><span class='ocrx_word' id='word_1_113' title='bbox 195 3670 290 3729; x_wconf 92' lang='lat' dir='ltr'><strong>coetu</strong></span> <span class='ocrx_word' id='word_1_114' title='bbox 320 3660 427 3729; x_wconf 90' lang='lat' dir='ltr'><strong>idem.</strong></span> <span class='ocrx_word' id='word_1_115' title='bbox 481 3657 581 3728; x_wconf 92' lang='lat' dir='ltr'><strong>Nudi</strong></span> <span class='ocrx_word' id='word_1_116' title='bbox 601 3661 761 3752; x_wconf 86' lang='lat' dir='ltr'><strong>juvenes,</strong></span> <span class='ocrx_word' id='word_1_117' title='bbox 790 3661 917 3752; x_wconf 86' lang='lat' dir='ltr'><strong>quibus</strong></span> <span class='ocrx_word' id='word_1_118' title='bbox 951 3662 987 3730; x_wconf 94' lang='lat' dir='ltr'><strong>id</strong></span> <span class='ocrx_word' id='word_1_119' title='bbox 1018 3661 1192 3732; x_wconf 90' lang='lat' dir='ltr'><strong>ludicrum</strong></span> <span class='ocrx_word' id='word_1_120' title='bbox 1220 3673 1284 3744; x_wconf 90' lang='lat' dir='ltr'><strong>est,</strong></span> 
     </span>
     <span class='ocr_line' id='line_1_21' title="bbox 195 3775 1284 3872; baseline 0.004 -27"><span class='ocrx_word' id='word_1_121' title='bbox 195 3778 289 3846; x_wconf 91' lang='lat' dir='ltr'><strong>inter</strong></span> <span class='ocrx_word' id='word_1_122' title='bbox 314 3775 449 3870; x_wconf 84' lang='lat' dir='ltr'><strong>gladios</strong></span> <span class='ocrx_word' id='word_1_123' title='bbox 475 3786 648 3868; x_wconf 71' lang='lat' dir='ltr'><strong>eantque</strong></span> <span class='ocrx_word' id='word_1_124' title='bbox 674 3776 820 3846; x_wconf 88' lang='lat' dir='ltr'><strong>infestas</strong></span> <span class='ocrx_word' id='word_1_125' title='bbox 847 3777 1005 3862; x_wconf 77' lang='lat' dir='ltr'><strong>frameae,</strong></span> <span class='ocrx_word' id='word_1_126' title='bbox 1024 3778 1115 3849; x_wconf 88' lang='lat' dir='ltr'><strong>saltu</strong></span> <span class='ocrx_word' id='word_1_127' title='bbox 1133 3779 1284 3872; x_wconf 90' lang='lat' dir='ltr'><strong>jaciunt.</strong></span> 
     </span>
     <span class='ocr_line' id='line_1_22' title="bbox 195 3892 1285 3987; baseline 0.003 -25"><span class='ocrx_word' id='word_1_128' title='bbox 195 3892 416 3963; x_wconf 83' lang='lat' dir='ltr'><strong>Exercitatio</strong></span> <span class='ocrx_word' id='word_1_129' title='bbox 442 3904 555 3963; x_wconf 89' lang='lat' dir='ltr'><strong>artem</strong></span> <span class='ocrx_word' id='word_1_130' title='bbox 581 3895 728 3986; x_wconf 87' lang='lat' dir='ltr'><strong>paravit,</strong></span> <span class='ocrx_word' id='word_1_131' title='bbox 746 3917 801 3964; x_wconf 89' lang='lat' dir='ltr'><strong>ars</strong></span> <span class='ocrx_word' id='word_1_132' title='bbox 819 3895 1005 3967; x_wconf 87' lang='lat' dir='ltr'><strong>decorem:</strong></span> <span class='ocrx_word' id='word_1_133' title='bbox 1032 3919 1103 3966; x_wconf 93' lang='lat' dir='ltr'><strong>non</strong></span> <span class='ocrx_word' id='word_1_134' title='bbox 1130 3896 1167 3965; x_wconf 88' lang='lat' dir='ltr'><strong>in</strong></span> <span class='ocrx_word' id='word_1_135' title='bbox 1190 3919 1285 3987; x_wconf 86' lang='lat' dir='ltr'><strong>quae-</strong></span> 
     </span>
     <span class='ocr_line' id='line_1_23' title="bbox 196 4012 1284 4103; baseline 0.005 -26"><span class='ocrx_word' id='word_1_136' title='bbox 196 4018 291 4080; x_wconf 89' lang='lat' dir='ltr'><strong>stum</strong></span> <span class='ocrx_word' id='word_1_137' title='bbox 309 4020 439 4094; x_wconf 91' lang='lat' dir='ltr'><strong>tamen,</strong></span> <span class='ocrx_word' id='word_1_138' title='bbox 458 4020 520 4081; x_wconf 88' lang='lat' dir='ltr'><strong>aut</strong></span> <span class='ocrx_word' id='word_1_139' title='bbox 537 4012 762 4081; x_wconf 85' lang='lat' dir='ltr'><strong>mercedem:</strong></span> <span class='ocrx_word' id='word_1_140' title='bbox 789 4013 947 4103; x_wconf 87' lang='lat' dir='ltr'><strong>quamvis</strong></span> <span class='ocrx_word' id='word_1_141' title='bbox 973 4014 1114 4084; x_wconf 87' lang='lat' dir='ltr'><strong>audacis</strong></span> <span class='ocrx_word' id='word_1_142' title='bbox 1133 4012 1284 4083; x_wconf 85' lang='lat' dir='ltr'><strong>lasciviae</strong></span> 
     </span>
     <span class='ocr_line' id='line_1_24' title="bbox 195 4127 1285 4224; baseline 0.006 -31"><span class='ocrx_word' id='word_1_143' title='bbox 195 4127 351 4216; x_wconf 90' lang='lat' dir='ltr'><strong>pretium</strong></span> <span class='ocrx_word' id='word_1_144' title='bbox 376 4140 440 4211; x_wconf 91' lang='lat' dir='ltr'><strong>est,</strong></span> <span class='ocrx_word' id='word_1_145' title='bbox 459 4127 621 4219; x_wconf 90' lang='lat' dir='ltr'><strong>voluptas</strong></span> <span class='ocrx_word' id='word_1_146' title='bbox 646 4131 894 4221; x_wconf 85' lang='lat' dir='ltr'><strong>spectantium.</strong></span> <span class='ocrx_word' id='word_1_147' title='bbox 946 4128 1075 4201; x_wconf 89' lang='lat' dir='ltr'><strong>Aleam</strong></span> <span class='ocrx_word' id='word_1_148' title='bbox 1095 4131 1202 4224; x_wconf 79' lang='lat' dir='ltr'><strong>(quod</strong></span> <span class='ocrx_word' id='word_1_149' title='bbox 1220 4131 1285 4199; x_wconf 91' lang='lat' dir='ltr'><strong>mi·</strong></span> 
     </span>
     <span class='ocr_line' id='line_1_25' title="bbox 197 4245 1286 4339; baseline 0.006 -28"><span class='ocrx_word' id='word_1_150' title='bbox 197 4246 289 4334; x_wconf 80' lang='lat' dir='ltr'><strong>rere)</strong></span> <span class='ocrx_word' id='word_1_151' title='bbox 313 4245 419 4314; x_wconf 86' lang='lat' dir='ltr'><strong>sobrii</strong></span> <span class='ocrx_word' id='word_1_152' title='bbox 445 4247 539 4313; x_wconf 91' lang='lat' dir='ltr'><strong>iuter</strong></span> <span class='ocrx_word' id='word_1_153' title='bbox 567 4245 657 4314; x_wconf 88' lang='lat' dir='ltr'><strong>scria</strong></span> <span class='ocrx_word' id='word_1_154' title='bbox 685 4257 864 4328; x_wconf 88' lang='lat' dir='ltr'><strong>exercent,</strong></span> <span class='ocrx_word' id='word_1_155' title='bbox 891 4245 993 4316; x_wconf 67' lang='lat' dir='ltr'><strong>tanta</strong></span> <span class='ocrx_word' id='word_1_156' title='bbox 1023 4248 1181 4319; x_wconf 91' lang='lat' dir='ltr'><strong>lucrandi</strong></span> <span class='ocrx_word' id='word_1_157' title='bbox 1210 4271 1286 4339; x_wconf 95' lang='lat' dir='ltr'><strong>per·</strong></span> 
     </span>
     <span class='ocr_line' id='line_1_26' title="bbox 197 4359 1287 4447; baseline 0.006 -19"><span class='ocrx_word' id='word_1_158' title='bbox 197 4359 348 4428; x_wconf 90' lang='lat' dir='ltr'><strong>dendive</strong></span> <span class='ocrx_word' id='word_1_159' title='bbox 377 4361 589 4441; x_wconf 88' lang='lat' dir='ltr'><strong>temeritate,</strong></span> <span class='ocrx_word' id='word_1_160' title='bbox 620 4370 671 4443; x_wconf 90' lang='lat' dir='ltr'><strong>ut,</strong></span> <span class='ocrx_word' id='word_1_161' title='bbox 706 4361 786 4431; x_wconf 78' lang='lat' dir='ltr'><strong>curn</strong></span> <span class='ocrx_word' id='word_1_162' title='bbox 821 4363 940 4432; x_wconf 88' lang='lat' dir='ltr'><strong>omnia</strong></span> <span class='ocrx_word' id='word_1_163' title='bbox 973 4363 1189 4447; x_wconf 87' lang='lat' dir='ltr'><strong>defecerunt,</strong></span> <span class='ocrx_word' id='word_1_164' title='bbox 1224 4388 1287 4435; x_wconf 87' lang='lat' dir='ltr'><strong>ex·</strong></span> 
     </span>
     <span class='ocr_line' id='line_1_27' title="bbox 197 4476 1287 4575; baseline 0.006 -30"><span class='ocrx_word' id='word_1_165' title='bbox 197 4485 311 4546; x_wconf 91' lang='lat' dir='ltr'><strong>tremo</strong></span> <span class='ocrx_word' id='word_1_166' title='bbox 336 4501 376 4545; x_wconf 87' lang='lat' dir='ltr'><strong>ac</strong></span> <span class='ocrx_word' id='word_1_167' title='bbox 400 4476 590 4547; x_wconf 89' lang='lat' dir='ltr'><strong>novissimo</strong></span> <span class='ocrx_word' id='word_1_168' title='bbox 605 4479 706 4569; x_wconf 86' lang='lat' dir='ltr'><strong>jactu</strong></span> <span class='ocrx_word' id='word_1_169' title='bbox 733 4479 777 4547; x_wconf 90' lang='lat' dir='ltr'><strong>de</strong></span> <span class='ocrx_word' id='word_1_170' title='bbox 809 4477 973 4550; x_wconf 87' lang='lat' dir='ltr'><strong>libertate</strong></span> <span class='ocrx_word' id='word_1_171' title='bbox 999 4490 1038 4549; x_wconf 92' lang='lat' dir='ltr'><strong>et</strong></span> <span class='ocrx_word' id='word_1_172' title='bbox 1068 4481 1111 4550; x_wconf 93' lang='lat' dir='ltr'><strong>de</strong></span> <span class='ocrx_word' id='word_1_173' title='bbox 1141 4505 1287 4575; x_wconf 87' lang='lat' dir='ltr'><strong>corpore</strong></span> 
     </span>
     <span class='ocr_line' id='line_1_28' title="bbox 197 4593 1285 4669; baseline 0.005 -6"><span class='ocrx_word' id='word_1_174' title='bbox 197 4594 423 4664; x_wconf 89' lang='lat' dir='ltr'><strong>contendant.</strong></span> <span class='ocrx_word' id='word_1_175' title='bbox 476 4593 605 4665; x_wconf 84' lang='lat' dir='ltr'><strong>Victus</strong></span> <span class='ocrx_word' id='word_1_176' title='bbox 650 4594 882 4665; x_wconf 83' lang='lat' dir='ltr'><strong>voluntariam</strong></span> <span class='ocrx_word' id='word_1_177' title='bbox 923 4599 1147 4668; x_wconf 84' lang='lat' dir='ltr'><strong>servitutem¹</strong></span> <span class='ocrx_word' id='word_1_178' title='bbox 1189 4598 1285 4669; x_wconf 89' lang='lat' dir='ltr'><strong>adit:</strong></span> 
     </span>
     <span class='ocr_line' id='line_1_29' title="bbox 198 4713 1286 4809; baseline 0.005 -28"><span class='ocrx_word' id='word_1_179' title='bbox 198 4713 357 4804; x_wconf 86' lang='lat' dir='ltr'><strong>quamvis</strong></span> <span class='ocrx_word' id='word_1_180' title='bbox 368 4713 499 4802; x_wconf 92' lang='lat' dir='ltr'><strong>junior,</strong></span> <span class='ocrx_word' id='word_1_181' title='bbox 519 4715 677 4803; x_wconf 88' lang='lat' dir='ltr'><strong>quamvis</strong></span> <span class='ocrx_word' id='word_1_182' title='bbox 695 4714 879 4796; x_wconf 87' lang='lat' dir='ltr'><strong>robustior,</strong></span> <span class='ocrx_word' id='word_1_183' title='bbox 897 4714 1032 4809; x_wconf 84' lang='lat' dir='ltr'><strong>alligari</strong></span> <span class='ocrx_word' id='word_1_184' title='bbox 1052 4739 1090 4787; x_wconf 91' lang='lat' dir='ltr'><strong>se</strong></span> <span class='ocrx_word' id='word_1_185' title='bbox 1107 4739 1148 4785; x_wconf 86' lang='lat' dir='ltr'><strong>ac</strong></span> <span class='ocrx_word' id='word_1_186' title='bbox 1167 4717 1286 4786; x_wconf 88' lang='lat' dir='ltr'><strong>venire</strong></span> 
     </span>
    </p>
   </div>
   <div class='ocr_carea' id='block_1_10' title="bbox 0 0 1452 5378">
    <p class='ocr_par' dir='ltr' id='par_1_10' title="bbox 0 0 1452 5378">
     <span class='ocr_line' id='line_1_30' title="bbox 0 0 1452 5378; baseline 0 0"><span class='ocrx_word' id='word_1_187' title='bbox 0 0 1452 5378; x_wconf 95' lang='lat' dir='ltr'><strong> </strong></span> 
     </span>
    </p>
   </div>
  </div>
 </body>
</html>
