2886 5378
192 850 248 919 civ
461 864 537 919 rua
561 863 742 918 sennaar
769 864 816 920 or
844 863 1011 919 racrros.

191 1027 339 1091 fratrem:
364 1025 416 1090 illo
426 1026 539 1102 locum,
550 1033 583 1090 et
592 1024 730 1111 proelium
744 1023 907 1100 referente,
923 1031 942 1059 “
954 1023 1110 1107 quodnam
1123 1025 1285 1109 praemium

193 1126 358 1211 recepisset
370 1125 388 1152 ”
411 1127 555 1210 exquirit.
603 1124 732 1189 Flavius
756 1132 879 1189 “aneta
899 1124 1065 1210 stipendia,
1081 1132 1236 1208 torquem,
1254 1134 1288 1188 et

196 1250 351 1306 coronam,
368 1226 488 1311 aliaque
504 1225 653 1290 militaria
667 1225 776 1289 dona''
792 1233 954 1301 memorat,
972 1224 1127 1289 inridente
1142 1225 1288 1289 Arminio

196 1328 272 1392 vilia
286 1327 403 1392 servitii
419 1327 529 1413 pretia.

240 1429 287 1492 X.
311 1427 396 1490 Exin
430 1427 542 1492 diversi
579 1426 761 1491 ordiuntur:
790 1427 840 1490 hic
867 1426 1147 1512 “magnitudinem
1172 1427 1290 1492 Roma-

197 1551 283 1604 nam,
310 1551 383 1612 opes
410 1527 549 1605 Gaesaris,
578 1536 611 1592 et
635 1527 726 1591 victis
748 1549 858 1612 graves
885 1550 1010 1612 poeuas;
1039 1527 1071 1590 in
1098 1526 1288 1592 deditionem

199 1629 335 1694 venienti
351 1638 493 1713 paratam
508 1628 725 1699 clementiam:
753 1650 852 1711 neque
868 1626 1029 1713 conjugem
1045 1637 1077 1691 et
1103 1625 1200 1691 filium
1225 1627 1292 1713 ejus

198 1729 353 1793 hostiliter
366 1729 506 1794 haberi.''
559 1728 617 1792 Ille
635 1737 653 1763 “
666 1729 713 1792 fas
728 1728 845 1813 patriae,
862 1728 1038 1791 libertatem
1056 1728 1183 1804 avitam,
1201 1752 1295 1812 pene-

199 1829 294 1894 trales
320 1829 493 1893 Germaniae
520 1828 603 1905 deos,
630 1836 762 1892 matrem
790 1850 916 1914 precum
940 1828 1076 1900 sociam;
1102 1851 1140 1893 ne
1169 1829 1292 1914 propin-

200 1953 330 2014 quorum
347 1937 378 1994 et
393 1927 553 2005 adfinium,
572 1928 703 2012 denique
719 1928 821 2013 gentis
842 1951 905 1993 suae
927 1929 1066 1993 desertor
1087 1936 1118 1992 et
1144 1929 1292 2015 proditor,

200 2054 293 2114 qnam
311 2031 479 2115 imperator
503 2052 568 2094 esse
590 2029 728 2093 mallet.''
773 2029 943 2093 Paullatim
964 2029 1037 2093 inde
1053 2029 1095 2093 ad
1103 2027 1210 2115 jurgia
1224 2053 1293 2114 pro-

202 2131 290 2216 lapsi,
307 2130 469 2214 quominus
484 2152 619 2216 pugnam
635 2137 840 2201 consererent,
857 2153 895 2193 ne
911 2127 1037 2193 flumine
1052 2130 1176 2213 quidem
1198 2131 1294 2194 inter·

195 2229 283 2317 jecto
319 2231 561 2305 cohibebantur;
604 2253 642 2294 ne
673 2229 841 2294 Stertinius
870 2231 1046 2306 adcurrens,
1076 2230 1201 2315 plenum
1229 2231 1292 2303 irae,

133 2391 136 2397 .
203 2339 381 2416 “armaque
392 2341 425 2396 et
438 2354 550 2416 equum
562 2331 582 2357 ''
597 2339 774 2416 poscentem
787 2330 932 2395 Flavium
943 2331 1132 2396 attinuisset.
1184 2329 1295 2395 (lerne-

203 2433 296 2496 batur
314 2441 423 2496 eontra
439 2431 673 2496 minitabundus
688 2432 858 2508 Arminius,
874 2432 1074 2516 proeliumque
1088 2431 1292 2496 denuntians:

202 2556 275 2596 nam
292 2534 435 2619 pleraque
452 2532 567 2597 Latino
584 2554 723 2596 sermone
738 2529 962 2617 interjaciebat,
979 2533 1081 2616 utqui
1097 2532 1247 2596 Romanis
1264 2531 1295 2594 in

205 2633 315 2698 castris
332 2633 443 2697 ductor
459 2634 652 2717 popularium
668 2633 839 2698 meruisset.

250 2733 316 2796 Xl.
341 2733 471 2797 Postero
515 2733 575 2808 die,
622 2733 847 2822 Germanorum
885 2732 966 2798 acies
1010 2741 1097 2798 trans
1135 2732 1294 2817 Visurgim

205 2834 302 2897 stetit.
349 2831 460 2904 Caesar,
487 2832 545 2896 nisi
572 2833 718 2916 pontibus
741 2832 949 2916 praesidiisque
975 2833 1139 2916 impositis
1164 2833 1238 2897 dare
1265 2833 1296 2895 iu

206 2933 370 2996 discrimen
396 2932 531 3016 legiones
555 2932 640 2995 haud
669 2931 899 3015 imperatorium
929 2939 1027 3005 ratus,
1055 2933 1190 3016 equitem
1216 2932 1297 2996 vado
1326 2925 1328 2930 ¹

206 3032 378 3097 tramittit:
415 3032 562 3116 praefuere
591 3031 767 3107 Stertinius,
799 3039 831 3095 et
858 3054 874 3094 e
904 3054 1032 3096 numero
1063 3031 1299 3118 primipilarium

207 3132 370 3207 AEmilius,
403 3131 591 3196 distantibus
628 3131 702 3195 locis
729 3131 855 3211 invecti,
887 3142 923 3195 ut
951 3132 1070 3196 hostem
1104 3132 1297 3196 diducerent.

209 3235 279 3316 Qua
307 3232 483 3296 celerrimus
509 3232 619 3309 amnis,
646 3231 831 3297 Oariovalda
857 3231 923 3295 dux
953 3232 1145 3296 Batavorum
1175 3232 1296 3316 erupit:

208 3357 278 3399 eum
295 3333 441 3399 Cherusci
459 3332 563 3417 fugam
579 3331 768 3410 simulantes,
788 3333 819 3396 in
837 3332 996 3418 planitiem
1020 3334 1150 3397 saltibus
1171 3333 1300 3397 circum-

204 3434 323 3521 jectam
349 3443 492 3498 traxere:
526 3433 597 3497 dein
624 3432 730 3508 coorti,
757 3440 789 3496 et
815 3433 949 3516 undique
975 3432 1062 3498 effusi
1088 3433 1220 3498 trudunt
1246 3433 1303 3497 ad·

209 3559 322 3611 versos,
349 3535 466 3599 instant
490 3532 684 3607 cedentibus,
709 3533 913 3617 collectosque
942 3534 974 3597 in
996 3535 1114 3609 orbem,
1139 3557 1210 3620 pars
1230 3557 1300 3598 con-

208 3637 315 3720 gressi,
333 3634 458 3719 quidam
474 3633 593 3698 eminus
608 3635 803 3718 proturbant.
849 3634 1043 3710 Coriovalda,
1059 3635 1112 3698 diu
1127 3643 1303 3699 sustentata

210 3736 345 3799 hostium
371 3734 500 3809 saevitia,
524 3735 667 3798 hortatus
690 3757 761 3799 suos
784 3742 820 3798 ut
844 3736 1023 3819 ingruentes
1047 3744 1188 3800 catervas
1209 3735 1302 3820 globo

210 3837 396 3919 frangerent,
413 3844 506 3918 atque
522 3835 586 3919 ipse
603 3835 632 3897 in
650 3835 846 3899 densissimos
861 3836 1048 3920 inrumpens,
1065 3836 1218 3920 congestis
1233 3835 1304 3900 telis

213 3945 245 4000 et
270 3937 397 4000 suffosso
424 3958 502 4019 equo
527 3935 650 4013 labitur,
666 3958 703 3999 ao
727 3935 818 3999 multi
832 3936 981 3999 nobilium
999 3937 1100 4000 circa:
1125 3945 1243 4000 ceteros
1258 3937 1304 4000 vis

212 4059 277 4110 sua,
296 4045 351 4100 aut
374 4037 494 4120 equites
516 4058 586 4099 cum
603 4035 754 4100 Stertinio
771 4035 966 4120 AEmilioque
981 4038 1207 4112 subvenientes,
1224 4035 1302 4122 peri-

213 4137 283 4202 culo
299 4160 450 4201 exemere.

258 4237 343 4300 XII.
369 4236 473 4302 Caesar
499 4246 709 4322 transgressus
735 4236 907 4322 Visurgim,
931 4236 1045 4302 indicio
1068 4238 1203 4323 perfugae
1233 4259 1304 4321 cog-

213 4339 324 4414 noscit,
347 4338 534 4401 “delectum
559 4339 599 4401 ab
617 4336 761 4401 Arminio
786 4336 889 4400 locum
906 4360 1039 4422 pngnae;
1068 4338 1244 4401 convenisse
1272 4347 1304 4401 et

169 4519 172 4526 ,
211 4439 289 4502 alias
305 4439 445 4502 nationes
460 4437 490 4499 in
507 4438 616 4500 silvam
633 4437 764 4501 Herculi
778 4459 907 4511 sacram,
922 4459 1109 4521 ausurosque
1124 4445 1305 4500 nocturnam

213 4548 384 4603 castrorum
416 4537 707 4621 oppugnationem.”
753 4537 874 4601 Habita
904 4537 998 4601 indici
1027 4535 1114 4611 fides,
1140 4545 1172 4599 et
1201 4559 1304 4601 cerne-

214 4640 328 4703 bantur
353 4638 458 4722 ignes;
495 4638 707 4721 suggressique
730 4637 855 4722 propius
873 4637 1079 4723 speculatores
1095 4643 1113 4672 “
1126 4636 1227 4699 audiri
1243 4637 1304 4701 fre-

213 4741 325 4804 mitum
349 4760 506 4821 equorum,
524 4737 725 4821 immensique
750 4745 782 4802 et
804 4738 954 4802 inconditi
976 4737 1109 4822 agminis
1134 4739 1306 4802 murmur''

212 4841 356 4906 attulere.
415 4838 515 4923 lgitnr
544 4839 714 4923 propinquo
745 4861 874 4903 summa
903 4838 947 4903 rei
980 4837 1164 4916 discrimine,
1197 4841 1302 4924 explo-
