<?xml version="1.0" encoding="UTF-8"?>
<!DOCTYPE html PUBLIC "-//W3C//DTD XHTML 1.0 Transitional//EN"
    "http://www.w3.org/TR/xhtml1/DTD/xhtml1-transitional.dtd">
<html xmlns="http://www.w3.org/1999/xhtml" xml:lang="en" lang="en">
 <head>
  <title>
</title>
<meta http-equiv="Content-Type" content="text/html;charset=utf-8" />
  <meta name='ocr-system' content='tesseract 3.04.00' />
  <meta name='ocr-capabilities' content='ocr_page ocr_carea ocr_par ocr_line ocrx_word'/>
</head>
<body>
  <div class='ocr_page' id='page_1' title='image "./germaniatacitus00lathgoog_0108.png"; bbox 0 0 2886 5378; ppageno 0'>
   <div class='ocr_carea' id='block_1_1' title="bbox 552 837 1253 909">
    <p class='ocr_par' dir='ltr' id='par_1_1' title="bbox 552 837 1253 909">
     <span class='ocr_line' id='line_1_1' title="bbox 552 837 1253 909; baseline -0.003 -1"><span class='ocrx_word' id='word_1_1' title='bbox 552 853 847 909; x_wconf 74' lang='lat' dir='ltr'>raonnoouaue.</span> <span class='ocrx_word' id='word_1_2' title='bbox 1123 837 1253 906; x_wconf 82' lang='lat' dir='ltr'>lxxxix</span> 
     </span>
    </p>
   </div>
   <div class='ocr_carea' id='block_1_2' title="bbox 152 1008 1254 1205">
    <p class='ocr_par' dir='ltr' id='par_1_2' title="bbox 152 1008 1254 1205">
     <span class='ocr_line' id='line_1_2' title="bbox 152 1008 1254 1102; baseline -0.009 -18"><span class='ocrx_word' id='word_1_3' title='bbox 152 1018 326 1102; x_wconf 88' lang='lat' dir='ltr'>conquisita</span> <span class='ocrx_word' id='word_1_4' title='bbox 350 1016 390 1081; x_wconf 91' lang='lat' dir='ltr'>ab</span> <span class='ocrx_word' id='word_1_5' title='bbox 411 1015 506 1080; x_wconf 88' lang='lat' dir='ltr'>labris</span> <span class='ocrx_word' id='word_1_6' title='bbox 532 1021 661 1100; x_wconf 85' lang='lat' dir='ltr'>argento</span> <span class='ocrx_word' id='word_1_7' title='bbox 677 1012 925 1078; x_wconf 89' lang='lat' dir='ltr'>circumcludunt</span> <span class='ocrx_word' id='word_1_8' title='bbox 941 1020 1036 1097; x_wconf 90' lang='lat' dir='ltr'>atque</span> <span class='ocrx_word' id='word_1_9' title='bbox 1052 1012 1083 1076; x_wconf 92' lang='lat' dir='ltr'>in</span> <span class='ocrx_word' id='word_1_10' title='bbox 1099 1008 1254 1097; x_wconf 89' lang='lat' dir='ltr'>amplissi-</span> 
     </span>
     <span class='ocr_line' id='line_1_3' title="bbox 154 1115 689 1205; baseline -0.007 -22"><span class='ocrx_word' id='word_1_11' title='bbox 154 1121 213 1185; x_wconf 90' lang='lat' dir='ltr'>mis</span> <span class='ocrx_word' id='word_1_12' title='bbox 228 1118 326 1205; x_wconf 87' lang='lat' dir='ltr'>epulis</span> <span class='ocrx_word' id='word_1_13' title='bbox 341 1140 397 1204; x_wconf 92' lang='lat' dir='ltr'>pro</span> <span class='ocrx_word' id='word_1_14' title='bbox 412 1115 531 1202; x_wconf 89' lang='lat' dir='ltr'>poculis</span> <span class='ocrx_word' id='word_1_15' title='bbox 546 1123 689 1181; x_wconf 88' lang='lat' dir='ltr'>utuntur.</span> 
     </span>
    </p>
   </div>
   <div class='ocr_carea' id='block_1_3' title="bbox 407 1368 994 1449">
    <p class='ocr_par' dir='ltr' id='par_1_3' title="bbox 407 1368 994 1449">
     <span class='ocr_line' id='line_1_4' title="bbox 407 1368 994 1449; baseline 0.005 -20"><span class='ocrx_word' id='word_1_16' title='bbox 407 1368 493 1449; x_wconf 64' lang='lat' dir='ltr'>§xm</span> <span class='ocrx_word' id='word_1_17' title='bbox 517 1389 670 1429; x_wconf 75' lang='lat' dir='ltr'>sannaus</span> <span class='ocrx_word' id='word_1_18' title='bbox 693 1387 758 1428; x_wconf 74' lang='lat' dir='ltr'>arro</span> <span class='ocrx_word' id='word_1_19' title='bbox 780 1387 994 1432; x_wconf 79' lang='lat' dir='ltr'>naaonouuus.</span> 
     </span>
    </p>
   </div>
   <div class='ocr_carea' id='block_1_4' title="bbox 157 1515 1254 2409">
    <p class='ocr_par' dir='ltr' id='par_1_4' title="bbox 157 1515 1254 2409">
     <span class='ocr_line' id='line_1_5' title="bbox 201 1515 1254 1603; baseline -0.002 -21"><span class='ocrx_word' id='word_1_20' title='bbox 201 1517 296 1582; x_wconf 82' lang='lat' dir='ltr'>Alter</span> <span class='ocrx_word' id='word_1_21' title='bbox 310 1517 490 1585; x_wconf 86' lang='lat' dir='ltr'>Ariovistus</span> <span class='ocrx_word' id='word_1_22' title='bbox 512 1519 542 1583; x_wconf 92' lang='lat' dir='ltr'>in</span> <span class='ocrx_word' id='word_1_23' title='bbox 558 1518 646 1603; x_wconf 93' lang='lat' dir='ltr'>point</span> <span class='ocrx_word' id='word_1_24' title='bbox 661 1517 698 1581; x_wconf 87' lang='lat' dir='ltr'>of</span> <span class='ocrx_word' id='word_1_25' title='bbox 709 1518 870 1593; x_wconf 71' lang='lat' dir='ltr'>timebat</span> <span class='ocrx_word' id='word_1_26' title='bbox 888 1517 992 1583; x_wconf 79' lang='lat' dir='ltr'>before</span> <span class='ocrx_word' id='word_1_27' title='bbox 1009 1515 1075 1580; x_wconf 89' lang='lat' dir='ltr'>him</span> <span class='ocrx_word' id='word_1_28' title='bbox 1089 1515 1121 1580; x_wconf 92' lang='lat' dir='ltr'>in</span> <span class='ocrx_word' id='word_1_29' title='bbox 1136 1515 1254 1602; x_wconf 91' lang='lat' dir='ltr'>promi-</span> 
     </span>
     <span class='ocr_line' id='line_1_6' title="bbox 157 1617 1253 1704; baseline -0.003 -21"><span class='ocrx_word' id='word_1_30' title='bbox 157 1642 254 1683; x_wconf 87' lang='lat' dir='ltr'>nence</span> <span class='ocrx_word' id='word_1_31' title='bbox 268 1619 332 1683; x_wconf 87' lang='lat' dir='ltr'>and</span> <span class='ocrx_word' id='word_1_32' title='bbox 349 1619 553 1704; x_wconf 87' lang='lat' dir='ltr'>importance,</span> <span class='ocrx_word' id='word_1_33' title='bbox 578 1641 667 1683; x_wconf 91' lang='lat' dir='ltr'>come</span> <span class='ocrx_word' id='word_1_34' title='bbox 690 1619 744 1682; x_wconf 89' lang='lat' dir='ltr'>the</span> <span class='ocrx_word' id='word_1_35' title='bbox 760 1626 825 1683; x_wconf 92' lang='lat' dir='ltr'>two</span> <span class='ocrx_word' id='word_1_36' title='bbox 840 1626 931 1704; x_wconf 89' lang='lat' dir='ltr'>great</span> <span class='ocrx_word' id='word_1_37' title='bbox 957 1617 1122 1694; x_wconf 76' lang='lat' dir='ltr'>Germana,</span> <span class='ocrx_word' id='word_1_38' title='bbox 1145 1617 1253 1681; x_wconf 90' lang='lat' dir='ltr'>Armi·</span> 
     </span>
     <span class='ocr_line' id='line_1_7' title="bbox 158 1716 1254 1804; baseline -0.001 -21"><span class='ocrx_word' id='word_1_39' title='bbox 158 1720 228 1784; x_wconf 90' lang='lat' dir='ltr'>nius</span> <span class='ocrx_word' id='word_1_40' title='bbox 266 1720 327 1784; x_wconf 88' lang='lat' dir='ltr'>and</span> <span class='ocrx_word' id='word_1_41' title='bbox 356 1719 592 1794; x_wconf 88' lang='lat' dir='ltr'>Maroboduue;</span> <span class='ocrx_word' id='word_1_42' title='bbox 630 1719 816 1804; x_wconf 86' lang='lat' dir='ltr'>concerniug</span> <span class='ocrx_word' id='word_1_43' title='bbox 839 1719 943 1783; x_wconf 84' lang='lat' dir='ltr'>whom</span> <span class='ocrx_word' id='word_1_44' title='bbox 973 1719 1028 1783; x_wconf 90' lang='lat' dir='ltr'>tbe</span> <span class='ocrx_word' id='word_1_45' title='bbox 1051 1716 1139 1782; x_wconf 83' lang='lat' dir='ltr'>chief</span> <span class='ocrx_word' id='word_1_46' title='bbox 1165 1724 1254 1782; x_wconf 85' lang='lat' dir='ltr'>texts</span> 
     </span>
     <span class='ocr_line' id='line_1_8' title="bbox 157 1817 1254 1885; baseline -0.002 -2"><span class='ocrx_word' id='word_1_47' title='bbox 157 1842 209 1884; x_wconf 89' lang='lat' dir='ltr'>are</span> <span class='ocrx_word' id='word_1_48' title='bbox 233 1819 313 1883; x_wconf 82' lang='lat' dir='ltr'>from</span> <span class='ocrx_word' id='word_1_49' title='bbox 331 1818 472 1885; x_wconf 86' lang='lat' dir='ltr'>Velleius</span> <span class='ocrx_word' id='word_1_50' title='bbox 496 1818 683 1884; x_wconf 86' lang='lat' dir='ltr'>Paterculus</span> <span class='ocrx_word' id='word_1_51' title='bbox 711 1819 775 1883; x_wconf 91' lang='lat' dir='ltr'>and</span> <span class='ocrx_word' id='word_1_52' title='bbox 791 1819 920 1884; x_wconf 75' lang='lat' dir='ltr'><strong>Tacitus</strong></span> <span class='ocrx_word' id='word_1_53' title='bbox 936 1817 1070 1883; x_wconf 85' lang='lat' dir='ltr'><strong>himself.</strong></span> <span class='ocrx_word' id='word_1_54' title='bbox 1130 1817 1146 1882; x_wconf 96' lang='grc' dir='ltr'>Ι</span> <span class='ocrx_word' id='word_1_55' title='bbox 1173 1817 1254 1882; x_wconf 80' lang='lat' dir='ltr'><strong>shall</strong></span> 
     </span>
     <span class='ocr_line' id='line_1_9' title="bbox 158 1918 1254 2005; baseline -0.005 -18"><span class='ocrx_word' id='word_1_56' title='bbox 158 1920 282 2005; x_wconf 82' lang='lat' dir='ltr'>append</span> <span class='ocrx_word' id='word_1_57' title='bbox 299 1927 333 1984; x_wconf 94' lang='lat' dir='ltr'>to</span> <span class='ocrx_word' id='word_1_58' title='bbox 349 1921 438 1985; x_wconf 88' lang='lat' dir='ltr'>these</span> <span class='ocrx_word' id='word_1_59' title='bbox 456 1919 623 1985; x_wconf 80' lang='lat' dir='ltr'>Niebuhr&#39;s</span> <span class='ocrx_word' id='word_1_60' title='bbox 647 1928 781 1984; x_wconf 83' lang='lat' dir='ltr'><strong>account</strong></span> <span class='ocrx_word' id='word_1_61' title='bbox 797 1919 834 1984; x_wconf 89' lang='lat' dir='ltr'>of</span> <span class='ocrx_word' id='word_1_62' title='bbox 854 1919 909 1983; x_wconf 91' lang='lat' dir='ltr'>the</span> <span class='ocrx_word' id='word_1_63' title='bbox 933 1941 1018 1983; x_wconf 89' lang='lat' dir='ltr'>same</span> <span class='ocrx_word' id='word_1_64' title='bbox 1041 1925 1158 1997; x_wconf 84' lang='lat' dir='ltr'>events,</span> <span class='ocrx_word' id='word_1_65' title='bbox 1174 1940 1209 1982; x_wconf 88' lang='lat' dir='ltr'>as</span> <span class='ocrx_word' id='word_1_66' title='bbox 1227 1918 1254 1982; x_wconf 94' lang='lat' dir='ltr'>it</span> 
     </span>
     <span class='ocr_line' id='line_1_10' title="bbox 158 2017 1254 2104; baseline -0.002 -19"><span class='ocrx_word' id='word_1_67' title='bbox 158 2021 267 2085; x_wconf 89' lang='lat' dir='ltr'>stands</span> <span class='ocrx_word' id='word_1_68' title='bbox 283 2020 314 2084; x_wconf 92' lang='lat' dir='ltr'>in</span> <span class='ocrx_word' id='word_1_69' title='bbox 332 2020 390 2084; x_wconf 90' lang='lat' dir='ltr'>Dr.</span> <span class='ocrx_word' id='word_1_70' title='bbox 408 2019 574 2085; x_wconf 81' lang='lat' dir='ltr'>Schmita&#39;s</span> <span class='ocrx_word' id='word_1_71' title='bbox 598 2019 716 2084; x_wconf 93' lang='lat' dir='ltr'>edition</span> <span class='ocrx_word' id='word_1_72' title='bbox 744 2020 781 2084; x_wconf 77' lang='lat' dir='ltr'>ot&#39;</span> <span class='ocrx_word' id='word_1_73' title='bbox 798 2020 847 2085; x_wconf 92' lang='lat' dir='ltr'>his</span> <span class='ocrx_word' id='word_1_74' title='bbox 870 2019 1029 2097; x_wconf 82' lang='lat' dir='ltr'>Lectores,</span> <span class='ocrx_word' id='word_1_75' title='bbox 1056 2019 1132 2084; x_wconf 89' lang='lat' dir='ltr'>such</span> <span class='ocrx_word' id='word_1_76' title='bbox 1158 2017 1254 2104; x_wconf 80' lang='lat' dir='ltr'>being</span> 
     </span>
     <span class='ocr_line' id='line_1_11' title="bbox 158 2118 1253 2207; baseline -0.003 -20"><span class='ocrx_word' id='word_1_77' title='bbox 158 2121 212 2187; x_wconf 91' lang='lat' dir='ltr'>the</span> <span class='ocrx_word' id='word_1_78' title='bbox 234 2122 304 2186; x_wconf 89' lang='lat' dir='ltr'>best</span> <span class='ocrx_word' id='word_1_79' title='bbox 320 2144 393 2207; x_wconf 85' lang='lat' dir='ltr'>way</span> <span class='ocrx_word' id='word_1_80' title='bbox 408 2129 442 2186; x_wconf 94' lang='lat' dir='ltr'>to</span> <span class='ocrx_word' id='word_1_81' title='bbox 465 2143 609 2206; x_wconf 89' lang='lat' dir='ltr'>compare</span> <span class='ocrx_word' id='word_1_82' title='bbox 639 2121 694 2195; x_wconf 90' lang='lat' dir='ltr'>the</span> <span class='ocrx_word' id='word_1_83' title='bbox 720 2119 866 2185; x_wconf 88' lang='lat' dir='ltr'>evidence</span> <span class='ocrx_word' id='word_1_84' title='bbox 889 2121 921 2185; x_wconf 94' lang='lat' dir='ltr'>in</span> <span class='ocrx_word' id='word_1_85' title='bbox 942 2121 984 2184; x_wconf 90' lang='lat' dir='ltr'>its</span> <span class='ocrx_word' id='word_1_86' title='bbox 1005 2119 1099 2184; x_wconf 91' lang='lat' dir='ltr'>crude</span> <span class='ocrx_word' id='word_1_87' title='bbox 1125 2118 1187 2183; x_wconf 90' lang='lat' dir='ltr'>and</span> <span class='ocrx_word' id='word_1_88' title='bbox 1210 2119 1253 2184; x_wconf 85' lang='lat' dir='ltr'>its</span> 
     </span>
     <span class='ocr_line' id='line_1_12' title="bbox 158 2217 1251 2307; baseline -0.004 -21"><span class='ocrx_word' id='word_1_89' title='bbox 158 2220 380 2307; x_wconf 79' lang='lat' dir='ltr'>systematized</span> <span class='ocrx_word' id='word_1_90' title='bbox 410 2222 501 2286; x_wconf 88' lang='lat' dir='ltr'>form.</span> <span class='ocrx_word' id='word_1_91' title='bbox 546 2221 614 2285; x_wconf 84' lang='lat' dir='ltr'>The</span> <span class='ocrx_word' id='word_1_92' title='bbox 639 2220 787 2286; x_wconf 87' lang='lat' dir='ltr'>criticism</span> <span class='ocrx_word' id='word_1_93' title='bbox 811 2232 895 2306; x_wconf 83' lang='lat' dir='ltr'>upon</span> <span class='ocrx_word' id='word_1_94' title='bbox 923 2220 978 2285; x_wconf 85' lang='lat' dir='ltr'>the</span> <span class='ocrx_word' id='word_1_95' title='bbox 998 2219 1099 2284; x_wconf 84' lang='lat' dir='ltr'>whole</span> <span class='ocrx_word' id='word_1_96' title='bbox 1117 2219 1180 2283; x_wconf 85' lang='lat' dir='ltr'>will</span> <span class='ocrx_word' id='word_1_97' title='bbox 1211 2217 1251 2284; x_wconf 91' lang='lat' dir='ltr'>be</span> 
     </span>
     <span class='ocr_line' id='line_1_13' title="bbox 158 2321 709 2409; baseline -0.002 -24"><span class='ocrx_word' id='word_1_98' title='bbox 158 2321 254 2386; x_wconf 87' lang='lat' dir='ltr'>found</span> <span class='ocrx_word' id='word_1_99' title='bbox 271 2323 305 2389; x_wconf 92' lang='lat' dir='ltr'>in</span> <span class='ocrx_word' id='word_1_100' title='bbox 319 2322 373 2386; x_wconf 93' lang='lat' dir='ltr'>the</span> <span class='ocrx_word' id='word_1_101' title='bbox 388 2322 475 2409; x_wconf 81' lang='lat' dir='ltr'>body</span> <span class='ocrx_word' id='word_1_102' title='bbox 492 2321 529 2385; x_wconf 89' lang='lat' dir='ltr'>of</span> <span class='ocrx_word' id='word_1_103' title='bbox 539 2322 593 2386; x_wconf 91' lang='lat' dir='ltr'>the</span> <span class='ocrx_word' id='word_1_104' title='bbox 611 2321 709 2386; x_wconf 82' lang='lat' dir='ltr'>work.</span> 
     </span>
    </p>
   </div>
   <div class='ocr_carea' id='block_1_5' title="bbox 564 2517 847 2563">
    <p class='ocr_par' dir='ltr' id='par_1_5' title="bbox 564 2517 847 2563">
     <span class='ocr_line' id='line_1_14' title="bbox 564 2517 847 2563; baseline 0.007 -4"><span class='ocrx_word' id='word_1_105' title='bbox 564 2519 653 2559; x_wconf 72' lang='lat' dir='ltr'>vau..</span> <span class='ocrx_word' id='word_1_106' title='bbox 671 2517 797 2559; x_wconf 74' lang='lat' dir='ltr'>Parnm.</span> <span class='ocrx_word' id='word_1_107' title='bbox 814 2517 847 2563; x_wconf 87' lang='lat'>11.</span> 
     </span>
    </p>
   </div>
   <div class='ocr_carea' id='block_1_6' title="bbox 159 2618 1273 4915">
    <p class='ocr_par' dir='ltr' id='par_1_6' title="bbox 159 2618 1273 3810">
     <span class='ocr_line' id='line_1_15' title="bbox 212 2618 1254 2708; baseline 0 -22"><span class='ocrx_word' id='word_1_108' title='bbox 212 2619 340 2686; x_wconf 81' lang='lat' dir='ltr'>ovlll.</span> <span class='ocrx_word' id='word_1_109' title='bbox 363 2620 449 2686; x_wconf 89' lang='lat' dir='ltr'>Nihil</span> <span class='ocrx_word' id='word_1_110' title='bbox 472 2629 540 2686; x_wconf 90' lang='lat' dir='ltr'>erat</span> <span class='ocrx_word' id='word_1_111' title='bbox 555 2619 624 2708; x_wconf 88' lang='lat' dir='ltr'>jam</span> <span class='ocrx_word' id='word_1_112' title='bbox 652 2620 684 2684; x_wconf 94' lang='lat' dir='ltr'>in</span> <span class='ocrx_word' id='word_1_113' title='bbox 712 2618 891 2696; x_wconf 81' lang='lat' dir='ltr'>Germania,</span> <span class='ocrx_word' id='word_1_114' title='bbox 920 2621 1003 2703; x_wconf 87' lang='lat' dir='ltr'>qnod</span> <span class='ocrx_word' id='word_1_115' title='bbox 1029 2621 1112 2684; x_wconf 90' lang='lat' dir='ltr'>vinci</span> <span class='ocrx_word' id='word_1_116' title='bbox 1137 2630 1254 2706; x_wconf 85' lang='lat' dir='ltr'>posset,</span> 
     </span>
     <span class='ocr_line' id='line_1_16' title="bbox 161 2721 1251 2806; baseline 0.002 -22"><span class='ocrx_word' id='word_1_117' title='bbox 161 2730 274 2806; x_wconf 83' lang='lat' dir='ltr'>preater</span> <span class='ocrx_word' id='word_1_118' title='bbox 307 2729 433 2806; x_wconf 79' lang='lat' dir='ltr'>gentem</span> <span class='ocrx_word' id='word_1_119' title='bbox 464 2722 783 2795; x_wconf 74' lang='lat' dir='ltr'>Marcomannorum,</span> <span class='ocrx_word' id='word_1_120' title='bbox 824 2743 901 2805; x_wconf 86' lang='lat' dir='ltr'>quae,</span> <span class='ocrx_word' id='word_1_121' title='bbox 943 2721 1139 2786; x_wconf 85' lang='lat' dir='ltr'>Maroboduo</span> <span class='ocrx_word' id='word_1_122' title='bbox 1172 2721 1251 2786; x_wconf 91' lang='lat' dir='ltr'>duce</span> 
     </span>
     <span class='ocr_line' id='line_1_17' title="bbox 161 2820 1252 2908; baseline 0.003 -24"><span class='ocrx_word' id='word_1_123' title='bbox 161 2822 266 2885; x_wconf 86' lang='lat' dir='ltr'>excita</span> <span class='ocrx_word' id='word_1_124' title='bbox 294 2821 419 2887; x_wconf 88' lang='lat' dir='ltr'>sedibus</span> <span class='ocrx_word' id='word_1_125' title='bbox 449 2824 524 2898; x_wconf 89' lang='lat' dir='ltr'>suis,</span> <span class='ocrx_word' id='word_1_126' title='bbox 557 2829 652 2908; x_wconf 86' lang='lat' dir='ltr'>atque</span> <span class='ocrx_word' id='word_1_127' title='bbox 678 2821 711 2884; x_wconf 94' lang='lat' dir='ltr'>in</span> <span class='ocrx_word' id='word_1_128' title='bbox 735 2820 884 2885; x_wconf 90' lang='lat' dir='ltr'>interiora</span> <span class='ocrx_word' id='word_1_129' title='bbox 906 2821 1072 2907; x_wconf 84' lang='lat' dir='ltr'>refugiens,</span> <span class='ocrx_word' id='word_1_130' title='bbox 1099 2821 1252 2887; x_wconf 75' lang='lat' dir='ltr'>incinctos</span> 
     </span>
     <span class='ocr_line' id='line_1_18' title="bbox 162 2920 1253 3009; baseline 0.002 -23"><span class='ocrx_word' id='word_1_131' title='bbox 162 2921 326 3008; x_wconf 85' lang='lat' dir='ltr'>Hercynia</span> <span class='ocrx_word' id='word_1_132' title='bbox 347 2922 426 2988; x_wconf 84' lang='lat' dir='ltr'>silva</span> <span class='ocrx_word' id='word_1_133' title='bbox 445 2945 572 3008; x_wconf 86' lang='lat' dir='ltr'>campos</span> <span class='ocrx_word' id='word_1_134' title='bbox 588 2920 754 2987; x_wconf 83' lang='lat' dir='ltr'>incolebat.</span> <span class='ocrx_word' id='word_1_135' title='bbox 800 2921 896 2986; x_wconf 88' lang='lat' dir='ltr'>Nulla</span> <span class='ocrx_word' id='word_1_136' title='bbox 911 2922 1069 2988; x_wconf 80' lang='lat' dir='ltr'>festinatio</span> <span class='ocrx_word' id='word_1_137' title='bbox 1086 2921 1179 3009; x_wconf 89' lang='lat' dir='ltr'>hujus</span> <span class='ocrx_word' id='word_1_138' title='bbox 1193 2923 1253 2988; x_wconf 79' lang='lat' dir='ltr'>viri</span> 
     </span>
     <span class='ocr_line' id='line_1_19' title="bbox 160 3021 1273 3109; baseline 0.001 -23"><span class='ocrx_word' id='word_1_139' title='bbox 160 3022 349 3087; x_wconf 89' lang='lat' dir='ltr'>mentionem</span> <span class='ocrx_word' id='word_1_140' title='bbox 375 3023 551 3109; x_wconf 79' lang='lat' dir='ltr'>transgredi</span> <span class='ocrx_word' id='word_1_141' title='bbox 574 3023 679 3088; x_wconf 87' lang='lat' dir='ltr'>debet.</span> <span class='ocrx_word' id='word_1_142' title='bbox 740 3021 964 3100; x_wconf 85' lang='lat' dir='ltr'>Maroboduus,</span> <span class='ocrx_word' id='word_1_143' title='bbox 990 3046 1103 3108; x_wconf 85' lang='lat' dir='ltr'>genere</span> <span class='ocrx_word' id='word_1_144' title='bbox 1130 3022 1273 3100; x_wconf 85' lang='lat' dir='ltr'>nobilis,¹</span> 
     </span>
     <span class='ocr_line' id='line_1_20' title="bbox 160 3122 1254 3209; baseline 0.001 -23"><span class='ocrx_word' id='word_1_145' title='bbox 160 3146 286 3208; x_wconf 86' lang='lat' dir='ltr'>corpore</span> <span class='ocrx_word' id='word_1_146' title='bbox 301 3124 481 3208; x_wconf 79' lang='lat' dir='ltr'>praevalens,</span> <span class='ocrx_word' id='word_1_147' title='bbox 503 3123 607 3188; x_wconf 88' lang='lat' dir='ltr'>animo</span> <span class='ocrx_word' id='word_1_148' title='bbox 631 3123 729 3201; x_wconf 84' lang='lat' dir='ltr'>ferox,</span> <span class='ocrx_word' id='word_1_149' title='bbox 750 3122 877 3186; x_wconf 89' lang='lat' dir='ltr'>natione</span> <span class='ocrx_word' id='word_1_150' title='bbox 898 3124 998 3209; x_wconf 83' lang='lat' dir='ltr'>magis</span> <span class='ocrx_word' id='word_1_151' title='bbox 1024 3145 1117 3206; x_wconf 88' lang='lat' dir='ltr'>quam</span> <span class='ocrx_word' id='word_1_152' title='bbox 1132 3124 1254 3188; x_wconf 89' lang='lat' dir='ltr'>ratione</span> 
     </span>
     <span class='ocr_line' id='line_1_21' title="bbox 159 3222 1253 3308; baseline 0 -21"><span class='ocrx_word' id='word_1_153' title='bbox 159 3224 319 3301; x_wconf 87' lang='lat' dir='ltr'>barbarus,</span> <span class='ocrx_word' id='word_1_154' title='bbox 338 3246 401 3287; x_wconf 92' lang='lat' dir='ltr'>uon</span> <span class='ocrx_word' id='word_1_155' title='bbox 415 3224 665 3300; x_wconf 87' lang='lat' dir='ltr'>tumultuarium,</span> <span class='ocrx_word' id='word_1_156' title='bbox 689 3245 788 3305; x_wconf 88' lang='lat' dir='ltr'>neque</span> <span class='ocrx_word' id='word_1_157' title='bbox 803 3222 976 3302; x_wconf 88' lang='lat' dir='ltr'>fortuitum,</span> <span class='ocrx_word' id='word_1_158' title='bbox 991 3246 1091 3308; x_wconf 91' lang='lat' dir='ltr'>neque</span> <span class='ocrx_word' id='word_1_159' title='bbox 1105 3224 1253 3289; x_wconf 91' lang='lat' dir='ltr'>mobilem</span> 
     </span>
     <span class='ocr_line' id='line_1_22' title="bbox 161 3323 1255 3410; baseline 0 -23"><span class='ocrx_word' id='word_1_160' title='bbox 161 3331 255 3388; x_wconf 85' lang='lat' dir='ltr'>etex</span> <span class='ocrx_word' id='word_1_161' title='bbox 280 3323 440 3389; x_wconf 88' lang='lat' dir='ltr'>voluntate</span> <span class='ocrx_word' id='word_1_162' title='bbox 465 3325 641 3410; x_wconf 86' lang='lat' dir='ltr'>parentium</span> <span class='ocrx_word' id='word_1_163' title='bbox 667 3331 862 3387; x_wconf 87' lang='lat' dir='ltr'>constantem</span> <span class='ocrx_word' id='word_1_164' title='bbox 889 3324 972 3388; x_wconf 90' lang='lat' dir='ltr'>inter</span> <span class='ocrx_word' id='word_1_165' title='bbox 995 3346 1066 3390; x_wconf 90' lang='lat' dir='ltr'>suos</span> <span class='ocrx_word' id='word_1_166' title='bbox 1090 3323 1255 3409; x_wconf 89' lang='lat' dir='ltr'>occupavit</span> 
     </span>
     <span class='ocr_line' id='line_1_23' title="bbox 160 3423 1256 3509; baseline 0 -22"><span class='ocrx_word' id='word_1_167' title='bbox 160 3423 389 3509; x_wconf 68' lang='lat' dir='ltr'>principatum</span> <span class='ocrx_word' id='word_1_168' title='bbox 428 3424 493 3502; x_wconf 89' lang='lat' dir='ltr'>sed,</span> <span class='ocrx_word' id='word_1_169' title='bbox 527 3433 646 3490; x_wconf 91' lang='lat' dir='ltr'>certum</span> <span class='ocrx_word' id='word_1_170' title='bbox 681 3423 843 3508; x_wconf 91' lang='lat' dir='ltr'>imperium</span> <span class='ocrx_word' id='word_1_171' title='bbox 871 3424 997 3508; x_wconf 89' lang='lat' dir='ltr'>vimque</span> <span class='ocrx_word' id='word_1_172' title='bbox 1025 3424 1143 3509; x_wconf 83' lang='lat' dir='ltr'>regiam</span> <span class='ocrx_word' id='word_1_173' title='bbox 1171 3446 1256 3487; x_wconf 91' lang='lat' dir='ltr'>com·</span> 
     </span>
     <span class='ocr_line' id='line_1_24' title="bbox 161 3523 1255 3609; baseline 0.001 -23"><span class='ocrx_word' id='word_1_174' title='bbox 161 3524 270 3609; x_wconf 83' lang='lat' dir='ltr'>plexus</span> <span class='ocrx_word' id='word_1_175' title='bbox 285 3526 399 3601; x_wconf 90' lang='lat' dir='ltr'>animo,</span> <span class='ocrx_word' id='word_1_176' title='bbox 415 3525 537 3604; x_wconf 85' lang='lat' dir='ltr'>statuit,</span> <span class='ocrx_word' id='word_1_177' title='bbox 555 3533 688 3590; x_wconf 86' lang='lat' dir='ltr'>avocata</span> <span class='ocrx_word' id='word_1_178' title='bbox 706 3523 812 3609; x_wconf 92' lang='lat' dir='ltr'>procul</span> <span class='ocrx_word' id='word_1_179' title='bbox 827 3547 847 3588; x_wconf 90' lang='lat' dir='ltr'>a</span> <span class='ocrx_word' id='word_1_180' title='bbox 862 3524 1012 3591; x_wconf 86' lang='lat' dir='ltr'>Romanis</span> <span class='ocrx_word' id='word_1_181' title='bbox 1025 3533 1118 3609; x_wconf 89' lang='lat' dir='ltr'>gente</span> <span class='ocrx_word' id='word_1_182' title='bbox 1133 3546 1198 3602; x_wconf 88' lang='lat' dir='ltr'>sua,</span> <span class='ocrx_word' id='word_1_183' title='bbox 1217 3546 1255 3587; x_wconf 93' lang='lat' dir='ltr'>eo</span> 
     </span>
     <span class='ocr_line' id='line_1_25' title="bbox 160 3624 1255 3712; baseline 0.001 -24"><span class='ocrx_word' id='word_1_184' title='bbox 160 3624 313 3710; x_wconf 88' lang='lat' dir='ltr'>progredi,</span> <span class='ocrx_word' id='word_1_185' title='bbox 338 3625 402 3702; x_wconf 89' lang='lat' dir='ltr'>ubi,</span> <span class='ocrx_word' id='word_1_186' title='bbox 430 3647 500 3690; x_wconf 92' lang='lat' dir='ltr'>cum</span> <span class='ocrx_word' id='word_1_187' title='bbox 525 3635 652 3712; x_wconf 90' lang='lat' dir='ltr'>propter</span> <span class='ocrx_word' id='word_1_188' title='bbox 681 3624 857 3711; x_wconf 88' lang='lat' dir='ltr'>potentiora</span> <span class='ocrx_word' id='word_1_189' title='bbox 885 3647 972 3690; x_wconf 92' lang='lat' dir='ltr'>arma</span> <span class='ocrx_word' id='word_1_190' title='bbox 995 3624 1168 3710; x_wconf 81' lang='lat' dir='ltr'>refugisset,</span> <span class='ocrx_word' id='word_1_191' title='bbox 1198 3647 1255 3690; x_wconf 86' lang='lat' dir='ltr'>sua</span> 
     </span>
     <span class='ocr_line' id='line_1_26' title="bbox 159 3725 515 3810; baseline -0.008 -19"><span class='ocrx_word' id='word_1_192' title='bbox 159 3726 274 3791; x_wconf 82' lang='lat' dir='ltr'>faceret</span> <span class='ocrx_word' id='word_1_193' title='bbox 290 3725 515 3810; x_wconf 86' lang='lat' dir='ltr'>potentissima.</span> 
     </span>
    </p>

    <p class='ocr_par' dir='ltr' id='par_1_7' title="bbox 160 3823 1258 4915">
     <span class='ocr_line' id='line_1_27' title="bbox 205 3823 1256 3911; baseline 0 -20"><span class='ocrx_word' id='word_1_194' title='bbox 205 3825 298 3891; x_wconf 83' lang='lat' dir='ltr'>CIX.</span> <span class='ocrx_word' id='word_1_195' title='bbox 322 3824 492 3911; x_wconf 90' lang='lat' dir='ltr'>Occupatis</span> <span class='ocrx_word' id='word_1_196' title='bbox 521 3825 626 3911; x_wconf 87' lang='lat' dir='ltr'>igitur,</span> <span class='ocrx_word' id='word_1_197' title='bbox 651 3848 728 3910; x_wconf 91' lang='lat' dir='ltr'>quos</span> <span class='ocrx_word' id='word_1_198' title='bbox 755 3824 966 3911; x_wconf 85' lang='lat' dir='ltr'>praediximus,</span> <span class='ocrx_word' id='word_1_199' title='bbox 995 3825 1082 3901; x_wconf 90' lang='lat' dir='ltr'>locis,</span> <span class='ocrx_word' id='word_1_200' title='bbox 1106 3823 1256 3891; x_wconf 90' lang='lat' dir='ltr'>finitimos</span> 
     </span>
     <span class='ocr_line' id='line_1_28' title="bbox 161 3923 1253 4011; baseline 0.001 -22"><span class='ocrx_word' id='word_1_201' title='bbox 161 3948 268 3990; x_wconf 87' lang='lat' dir='ltr'>omnes</span> <span class='ocrx_word' id='word_1_202' title='bbox 295 3936 352 3990; x_wconf 87' lang='lat' dir='ltr'>aut</span> <span class='ocrx_word' id='word_1_203' title='bbox 381 3925 462 3990; x_wconf 93' lang='lat' dir='ltr'>bello</span> <span class='ocrx_word' id='word_1_204' title='bbox 488 3926 619 4002; x_wconf 89' lang='lat' dir='ltr'>domuit,</span> <span class='ocrx_word' id='word_1_205' title='bbox 647 3933 702 3989; x_wconf 90' lang='lat' dir='ltr'>aut</span> <span class='ocrx_word' id='word_1_206' title='bbox 732 3925 961 3991; x_wconf 91' lang='lat' dir='ltr'>conditionibus</span> <span class='ocrx_word' id='word_1_207' title='bbox 981 3923 1063 4011; x_wconf 89' lang='lat' dir='ltr'>juris</span> <span class='ocrx_word' id='word_1_208' title='bbox 1086 3927 1133 3990; x_wconf 90' lang='lat' dir='ltr'>sui</span> <span class='ocrx_word' id='word_1_209' title='bbox 1158 3925 1253 3990; x_wconf 86' lang='lat' dir='ltr'>fecit:</span> 
     </span>
     <span class='ocr_line' id='line_1_29' title="bbox 161 4025 1257 4112; baseline 0.003 -23"><span class='ocrx_word' id='word_1_210' title='bbox 161 4048 274 4110; x_wconf 92' lang='lat' dir='ltr'>corpus</span> <span class='ocrx_word' id='word_1_211' title='bbox 291 4048 381 4092; x_wconf 90' lang='lat' dir='ltr'>suum</span> <span class='ocrx_word' id='word_1_212' title='bbox 396 4027 538 4092; x_wconf 90' lang='lat' dir='ltr'>custodia</span> <span class='ocrx_word' id='word_1_213' title='bbox 552 4025 704 4091; x_wconf 89' lang='lat' dir='ltr'>munivit:</span> <span class='ocrx_word' id='word_1_214' title='bbox 730 4026 904 4112; x_wconf 87' lang='lat' dir='ltr'>imperium,</span> <span class='ocrx_word' id='word_1_215' title='bbox 923 4026 1080 4112; x_wconf 88' lang='lat' dir='ltr'>perpetuis</span> <span class='ocrx_word' id='word_1_216' title='bbox 1097 4049 1257 4092; x_wconf 89' lang='lat' dir='ltr'>armorum</span> 
     </span>
     <span class='ocr_line' id='line_1_30' title="bbox 161 4125 1255 4212; baseline 0.001 -22"><span class='ocrx_word' id='word_1_217' title='bbox 161 4125 318 4191; x_wconf 84' lang='lat' dir='ltr'>exercitiis</span> <span class='ocrx_word' id='word_1_218' title='bbox 347 4127 517 4211; x_wconf 84' lang='lat' dir='ltr'>(exercitu)</span> <span class='ocrx_word' id='word_1_219' title='bbox 551 4149 637 4211; x_wconf 86' lang='lat' dir='ltr'>paene</span> <span class='ocrx_word' id='word_1_220' title='bbox 669 4126 710 4190; x_wconf 87' lang='lat' dir='ltr'>ad</span> <span class='ocrx_word' id='word_1_221' title='bbox 741 4127 892 4192; x_wconf 84' lang='lat' dir='ltr'>Romana</span> <span class='ocrx_word' id='word_1_222' title='bbox 925 4126 1094 4212; x_wconf 79' lang='lat' dir='ltr'>disciplina</span> <span class='ocrx_word' id='word_1_223' title='bbox 1122 4127 1255 4191; x_wconf 89' lang='lat' dir='ltr'>formam</span> 
     </span>
     <span class='ocr_line' id='line_1_31' title="bbox 160 4226 1257 4313; baseline 0.002 -22"><span class='ocrx_word' id='word_1_224' title='bbox 160 4226 298 4304; x_wconf 85' lang='lat' dir='ltr'>redacto,</span> <span class='ocrx_word' id='word_1_225' title='bbox 315 4227 401 4293; x_wconf 88' lang='lat' dir='ltr'>brevi</span> <span class='ocrx_word' id='word_1_226' title='bbox 418 4228 450 4292; x_wconf 95' lang='lat' dir='ltr'>in</span> <span class='ocrx_word' id='word_1_227' title='bbox 466 4228 603 4292; x_wconf 88' lang='lat' dir='ltr'>eminens</span> <span class='ocrx_word' id='word_1_228' title='bbox 619 4232 652 4290; x_wconf 92' lang='lat' dir='ltr'>et</span> <span class='ocrx_word' id='word_1_229' title='bbox 666 4234 772 4293; x_wconf 86' lang='lat' dir='ltr'>nostro</span> <span class='ocrx_word' id='word_1_230' title='bbox 793 4250 914 4313; x_wconf 92' lang='lat' dir='ltr'>quoque</span> <span class='ocrx_word' id='word_1_231' title='bbox 934 4228 1064 4313; x_wconf 89' lang='lat' dir='ltr'>imperio</span> <span class='ocrx_word' id='word_1_232' title='bbox 1081 4227 1257 4293; x_wconf 91' lang='lat' dir='ltr'>timendum</span> 
     </span>
     <span class='ocr_line' id='line_1_32' title="bbox 160 4327 1256 4414; baseline 0.001 -23"><span class='ocrx_word' id='word_1_233' title='bbox 160 4327 309 4414; x_wconf 87' lang='lat' dir='ltr'>perduxit</span> <span class='ocrx_word' id='word_1_234' title='bbox 333 4327 515 4414; x_wconf 69' lang='lat' dir='ltr'>fastigium</span> <span class='ocrx_word' id='word_1_235' title='bbox 556 4327 744 4413; x_wconf 86' lang='lat' dir='ltr'>gerebatque</span> <span class='ocrx_word' id='word_1_236' title='bbox 772 4351 804 4393; x_wconf 91' lang='lat' dir='ltr'>se</span> <span class='ocrx_word' id='word_1_237' title='bbox 835 4328 881 4392; x_wconf 90' lang='lat' dir='ltr'>ita</span> <span class='ocrx_word' id='word_1_238' title='bbox 906 4327 1054 4392; x_wconf 84' lang='lat' dir='ltr'>adversus</span> <span class='ocrx_word' id='word_1_239' title='bbox 1086 4329 1256 4406; x_wconf 90' lang='lat' dir='ltr'>Romanos,</span> 
     </span>
     <span class='ocr_line' id='line_1_33' title="bbox 161 4427 1257 4514; baseline 0 -22"><span class='ocrx_word' id='word_1_240' title='bbox 161 4436 197 4492; x_wconf 91' lang='lat' dir='ltr'>ut</span> <span class='ocrx_word' id='word_1_241' title='bbox 231 4450 332 4512; x_wconf 86' lang='lat' dir='ltr'>neque</span> <span class='ocrx_word' id='word_1_242' title='bbox 364 4429 445 4493; x_wconf 93' lang='lat' dir='ltr'>bello</span> <span class='ocrx_word' id='word_1_243' title='bbox 483 4452 540 4493; x_wconf 91' lang='lat' dir='ltr'>nos</span> <span class='ocrx_word' id='word_1_244' title='bbox 571 4428 745 4507; x_wconf 88' lang='lat' dir='ltr'>lacesseret,</span> <span class='ocrx_word' id='word_1_245' title='bbox 773 4437 814 4506; x_wconf 88' lang='lat' dir='ltr'>et,</span> <span class='ocrx_word' id='word_1_246' title='bbox 846 4429 872 4493; x_wconf 91' lang='lat' dir='ltr'>si</span> <span class='ocrx_word' id='word_1_247' title='bbox 902 4427 1114 4506; x_wconf 86' lang='lat' dir='ltr'>lacesseretur,</span> <span class='ocrx_word' id='word_1_248' title='bbox 1146 4451 1257 4514; x_wconf 89' lang='lat' dir='ltr'>super-</span> 
     </span>
     <span class='ocr_line' id='line_1_34' title="bbox 162 4528 1257 4620; baseline -0.002 -25"><span class='ocrx_word' id='word_1_249' title='bbox 162 4550 229 4595; x_wconf 80' lang='lat' dir='ltr'>esse</span> <span class='ocrx_word' id='word_1_250' title='bbox 256 4528 315 4594; x_wconf 90' lang='lat' dir='ltr'>sibi</span> <span class='ocrx_word' id='word_1_251' title='bbox 342 4529 406 4594; x_wconf 82' lang='lat' dir='ltr'>vim</span> <span class='ocrx_word' id='word_1_252' title='bbox 438 4552 475 4594; x_wconf 89' lang='lat' dir='ltr'>ao</span> <span class='ocrx_word' id='word_1_253' title='bbox 500 4529 695 4620; x_wconf 70' lang='lat' dir='ltr'>uoluntatem</span> <span class='ocrx_word' id='word_1_254' title='bbox 728 4528 890 4594; x_wconf 85' lang='lat' dir='ltr'>resistendi</span> <span class='ocrx_word' id='word_1_255' title='bbox 923 4529 1143 4611; x_wconf 84' lang='lat' dir='ltr'>(ostenderet).</span> <span class='ocrx_word' id='word_1_256' title='bbox 1196 4528 1257 4593; x_wconf 89' lang='lat' dir='ltr'>Le-</span> 
     </span>
     <span class='ocr_line' id='line_1_35' title="bbox 160 4627 1254 4715; baseline -0.001 -22"><span class='ocrx_word' id='word_1_257' title='bbox 160 4630 237 4714; x_wconf 86' lang='lat' dir='ltr'>gati,</span> <span class='ocrx_word' id='word_1_258' title='bbox 277 4652 354 4713; x_wconf 90' lang='lat' dir='ltr'>qnos</span> <span class='ocrx_word' id='word_1_259' title='bbox 390 4629 537 4694; x_wconf 87' lang='lat' dir='ltr'>mittebat</span> <span class='ocrx_word' id='word_1_260' title='bbox 570 4628 612 4693; x_wconf 88' lang='lat' dir='ltr'>ad</span> <span class='ocrx_word' id='word_1_261' title='bbox 650 4627 798 4707; x_wconf 64' lang='lat' dir='ltr'>cesares,</span> <span class='ocrx_word' id='word_1_262' title='bbox 829 4628 987 4694; x_wconf 90' lang='lat' dir='ltr'>interdum</span> <span class='ocrx_word' id='word_1_263' title='bbox 1020 4638 1056 4694; x_wconf 93' lang='lat' dir='ltr'>ut</span> <span class='ocrx_word' id='word_1_264' title='bbox 1084 4629 1254 4715; x_wconf 90' lang='lat' dir='ltr'>supplicem</span> 
     </span>
     <span class='ocr_line' id='line_1_36' title="bbox 161 4729 1258 4815; baseline -0.001 -22"><span class='ocrx_word' id='word_1_265' title='bbox 161 4729 432 4808; x_wconf 86' lang='lat' dir='ltr'>commendabant,</span> <span class='ocrx_word' id='word_1_266' title='bbox 465 4730 623 4795; x_wconf 88' lang='lat' dir='ltr'>interdum</span> <span class='ocrx_word' id='word_1_267' title='bbox 653 4737 689 4794; x_wconf 92' lang='lat' dir='ltr'>ut</span> <span class='ocrx_word' id='word_1_268' title='bbox 721 4753 776 4815; x_wconf 91' lang='lat' dir='ltr'>pro</span> <span class='ocrx_word' id='word_1_269' title='bbox 808 4731 875 4815; x_wconf 88' lang='lat' dir='ltr'>pari</span> <span class='ocrx_word' id='word_1_270' title='bbox 909 4729 1125 4815; x_wconf 86' lang='lat' dir='ltr'>loquebantur.</span> <span class='ocrx_word' id='word_1_271' title='bbox 1171 4729 1258 4793; x_wconf 87' lang='lat' dir='ltr'>Gen·</span> 
     </span>
     <span class='ocr_line' id='line_1_37' title="bbox 162 4828 1257 4915; baseline -0.001 -21"><span class='ocrx_word' id='word_1_272' title='bbox 162 4829 247 4898; x_wconf 87' lang='lat' dir='ltr'>tibus</span> <span class='ocrx_word' id='word_1_273' title='bbox 275 4829 511 4915; x_wconf 86' lang='lat' dir='ltr'>hominibusque</span> <span class='ocrx_word' id='word_1_274' title='bbox 538 4853 557 4894; x_wconf 88' lang='lat' dir='ltr'>a</span> <span class='ocrx_word' id='word_1_275' title='bbox 584 4829 673 4899; x_wconf 90' lang='lat' dir='ltr'>nobis</span> <span class='ocrx_word' id='word_1_276' title='bbox 698 4830 941 4903; x_wconf 84' lang='lat' dir='ltr'>desciscentibus</span> <span class='ocrx_word' id='word_1_277' title='bbox 973 4840 1039 4896; x_wconf 91' lang='lat' dir='ltr'>erat</span> <span class='ocrx_word' id='word_1_278' title='bbox 1068 4828 1151 4915; x_wconf 90' lang='lat' dir='ltr'>apud</span> <span class='ocrx_word' id='word_1_279' title='bbox 1184 4850 1257 4893; x_wconf 90' lang='lat' dir='ltr'>eum</span> 
     </span>
    </p>
   </div>
   <div class='ocr_carea' id='block_1_7' title="bbox 0 0 1454 5378">
    <p class='ocr_par' dir='ltr' id='par_1_8' title="bbox 0 0 1454 5378">
     <span class='ocr_line' id='line_1_38' title="bbox 0 0 1454 5378; baseline 0 0"><span class='ocrx_word' id='word_1_280' title='bbox 0 0 1454 5378; x_wconf 95' lang='lat' dir='ltr'> </span> 
     </span>
    </p>
   </div>
  </div>
 </body>
</html>
