2886 5378
176 795 226 863 xii
452 809 529 864 run
555 808 736 864 annuant
763 808 811 864 or
835 809 1000 865 suerrus.

174 970 226 1055 qui
252 970 293 1036 ad
319 971 487 1036 Ponticum
514 993 598 1035 mare
623 978 800 1047 curvantur,
826 992 846 1035 a
874 970 1031 1036 Danastro
1060 971 1276 1037 extenduntur

174 1093 271 1155 usque
300 1071 341 1135 ad
370 1071 572 1137 Danubium:
598 1094 667 1156 quae
695 1068 824 1136 flumina
851 1069 958 1136 multis
990 1072 1200 1153 mansionibus
1231 1072 1275 1137 ab
1360 1062 1366 1075 ’

174 1171 306 1236 invicem
321 1171 445 1239 absunt.
498 1172 553 1237 Ad
571 1172 645 1237 litus
659 1180 765 1237 autem
789 1171 915 1247 Oceani,
934 1171 986 1235 ubi
1010 1172 1110 1238 tribus
1131 1172 1275 1239 faucibus

175 1269 292 1336 fluenta
308 1271 442 1337 Vistula
464 1269 601 1339 fluminis
622 1273 800 1350 ebibuntur,
818 1271 971 1336 Vidioarii
993 1273 1139 1350 resident,
1162 1296 1202 1338 ex
1225 1273 1276 1338 di-

175 1373 270 1438 versis
284 1372 463 1438 nationibus
477 1375 648 1460 aggregati.
695 1373 772 1439 Post
791 1395 867 1457 quos
884 1373 982 1457 ripam
997 1372 1114 1440 Oceani
1128 1374 1273 1440 itemesti

173 1479 292 1551 teuent,
308 1481 455 1559 pacatum
479 1473 640 1539 bominum
663 1496 763 1560 genus
787 1473 922 1540 omnino.
968 1473 1088 1555 Quibus
1109 1475 1141 1540 in
1162 1483 1272 1540 austro

172 1573 295 1639 adsedit
325 1597 402 1660 geas
432 1574 656 1660 Agazzirorum
688 1574 865 1653 fortissima,
894 1572 1019 1660 frugum
1050 1574 1166 1661 ignara,
1199 1598 1270 1659 quae

174 1675 335 1759 pecoribus
360 1684 392 1740 et
414 1675 631 1740 venationibus
653 1674 787 1740 victitat.
831 1674 929 1738 Ultra
950 1697 1027 1760 quos
1049 1675 1273 1740 distenduntur

174 1798 268 1860 supra
281 1799 367 1840 mare
385 1775 554 1840 Ponticum
570 1775 775 1860 Balgarorum
790 1775 888 1852 sedes,
906 1797 983 1859 quos
999 1775 1175 1840 notissimos
1198 1798 1272 1861 pec·

173 1884 312 1940 catorum
339 1884 514 1941 nostrorum
544 1876 627 1941 mala
652 1875 762 1941 fecere.
826 1875 910 1940 Hinc
930 1873 999 1962 jam
1033 1876 1153 1952 Hunni,
1179 1876 1269 1960 quasi

171 1975 409 2041 fortissimarum
423 1976 564 2062 gentium
579 1975 823 2043 foecundissimus
836 1998 952 2065 cespes,
967 1976 999 2039 iu
1013 1976 1156 2040 bifariam
1171 1999 1270 2062 popu-

172 2075 271 2140 lorum
303 2077 420 2141 rabiem
448 2076 649 2161 pullularunt.
705 2077 787 2142 Nam
815 2076 868 2142 alii
895 2076 1066 2162 Aulniagri,
1090 2077 1143 2141 alii
1174 2076 1268 2143 Auiri

173 2186 402 2261 nuncupantur,
425 2177 477 2261 qui
492 2185 598 2241 tamen
614 2177 702 2243 sedes
716 2176 833 2242 babent
849 2177 996 2243 diversas.
1047 2176 1151 2241 Juxta
1169 2175 1267 2241 Cher-

172 2299 277 2342 sonem
297 2277 467 2363 Aulziagri,
493 2300 553 2361 quo
577 2277 661 2343 Asiae
685 2278 767 2342 bona
791 2277 901 2342 avidus
925 2285 1078 2342 mercator
1105 2277 1266 2361 importat,

171 2377 222 2462 qui
249 2386 360 2442 aestate
385 2400 511 2463 campos
525 2386 735 2463 pervagantur
750 2377 872 2453 effusos,
892 2379 980 2442 sedes
994 2378 1153 2455 hahentes,
1173 2387 1265 2461 prout

170 2488 381 2542 armentorum
403 2478 604 2542 invitaverint
626 2478 762 2562 pabula:
796 2479 908 2563 hyeme
931 2500 1024 2562 supra
1045 2501 1130 2542 mare
1154 2477 1262 2542 Ponti·

171 2600 242 2641 cum
260 2601 292 2642 se
310 2578 486 2643 referentes.
539 2578 706 2664 Hunugari
721 2587 825 2642 autem
843 2578 916 2642 hinc
930 2588 1003 2643 sunt
1027 2579 1102 2655 noti,
1127 2578 1200 2662 quia
1222 2578 1263 2642 ab

171 2678 246 2763 ipsis
268 2678 394 2764 pellium
416 2678 607 2743 murinarum
631 2680 716 2744 venit
739 2680 976 2743 commercium:
1005 2702 1081 2762 quos
1102 2687 1263 2744 tantorum

171 2779 307 2844 virorum
334 2779 512 2843 formidavit
541 2779 682 2844 audacia.
745 2780 884 2861 Quorum
914 2780 1103 2843 mansionem
1130 2779 1263 2864 primam

170 2901 236 2942 esse
260 2880 291 2943 in
317 2879 456 2965 Scythiae
480 2880 554 2958 solo,
576 2877 673 2965 juxta
696 2879 842 2965 paludem
873 2879 1063 2955 Maeotidem‚
1080 2879 1215 2943 secundo
1231 2880 1263 2944 in

173 2978 293 3054 Maesia,
315 2979 522 3063 Thraciaque,
545 2989 578 3043 et
601 2979 711 3053 Dacia,
737 2981 831 3045 tertio
854 3003 948 3064 supra
974 3003 1058 3044 mare
1083 2978 1260 3054 Ponticum,

171 3101 275 3144 rursus
297 3079 327 3142 in
353 3079 485 3165 Scythia
505 3079 636 3164 legimus
658 3079 834 3145 habitasse:
860 3102 916 3143 nec
938 3103 1046 3143 eorum
1068 3078 1187 3144 fabulas
1205 3079 1262 3144 ali-

171 3179 241 3243 cubi
257 3179 426 3264 reperimus
440 3179 579 3264 scriptas,
595 3179 647 3264 qui
663 3203 716 3244 eos
730 3180 839 3244 dicunt
854 3180 886 3244 in
901 3180 1076 3255 Britannia,
1090 3180 1138 3244 vel
1153 3180 1185 3244 in
1199 3202 1263 3244 uua

169 3279 306 3364 qualibet
334 3280 502 3344 insularum
532 3280 562 3345 in
589 3279 771 3345 servitutem
799 3280 951 3357 redactos,
976 3290 1008 3344 et
1035 3280 1126 3345 unius
1151 3279 1262 3344 caballi

169 3379 269 3464 pretio
297 3381 452 3465 quondam
480 3381 666 3466 redemptos.
713 3382 782 3445 Aut
798 3388 882 3445 certe
897 3380 922 3445 si
940 3380 1008 3465 quis
1031 3403 1082 3445 eos
1103 3380 1193 3446 aliter
1214 3380 1262 3444 di-

169 3481 251 3546 xerit
271 3481 303 3546 in
323 3491 429 3547 nostro
451 3482 534 3560 orbe,
558 3505 651 3567 quam
670 3481 752 3566 quod
776 3503 832 3546 nos
849 3480 995 3557 diximus,
1013 3481 1106 3546 fuisse
1124 3487 1259 3558 exortos,

169 3581 257 3647 uobis
283 3581 400 3667 aliquid
425 3582 595 3667 obstrepit:
627 3605 683 3647 nos
710 3583 792 3647 enim
817 3581 920 3667 potius
944 3581 1068 3646 lectioni
1094 3580 1260 3656 credimus,

168 3705 262 3767 quam
277 3682 390 3747 fabulis
404 3683 537 3748 anilibus
553 3683 771 3748 consentimus.
817 3681 865 3746 Ut
883 3706 956 3767 ergo
974 3681 1014 3746 ad
1032 3691 1171 3747 nostrum
1189 3703 1262 3766 pro·

168 3785 303 3867 positum
320 3783 494 3857 redeamus,
512 3783 543 3846 in
561 3783 662 3868 prima
684 3791 772 3867 parte
799 3782 937 3867 Scythiae
956 3780 1053 3868 juxta
1077 3780 1262 3846 Maeotidem

168 3895 398 3949 commanentes
415 3883 547 3969 praefati,
562 3882 644 3947 unde
660 3882 821 3966 loquimur,
842 3881 971 3946 Filimer
992 3905 1095 3968 regem
1118 3881 1262 3947 hahuisse

167 3993 346 4048 noscuntur.
399 3984 437 4049 ln
452 3983 598 4057 secundo,
616 3982 720 4060 idest,
737 3983 854 4059 Daciae,
872 3981 1073 4066 Thraciaeque
1091 3992 1124 4047 et
1142 3981 1261 4047 Moesiae

167 4081 231 4145 eolo
260 4083 444 4159 Zamolxen,
473 4106 564 4167 quem
593 4083 678 4147 mira:
704 4083 922 4168 philosophicae
952 4083 1134 4148 eruditionis
1167 4082 1261 4148 fuisse

168 4188 324 4246 testantur
337 4184 474 4269 plerique
489 4184 654 4268 scriptores
667 4184 835 4248 annalium.
882 4184 964 4248 Nam
979 4192 1011 4247 et
1028 4183 1161 4247 Zeutam
1177 4183 1262 4266 prius

167 4280 343 4347 habuerunt
357 4284 524 4359 eruditum,
539 4291 610 4368 post
624 4283 719 4348 etiam
735 4284 916 4362 Diceneum,
933 4284 1061 4348 tertium
1076 4282 1260 4362 Zamolxen,

168 4381 207 4446 de
229 4404 289 4465 quo
314 4383 453 4468 superius
470 4382 615 4448 diximus.
662 4383 696 4446 N
699 4406 733 4447 ec
749 4384 924 4458 defuerunt,
941 4383 993 4469 qui
1008 4407 1061 4450 eos
1077 4381 1262 4468 sapientiam

168 4482 335 4547 erudirent.
382 4481 479 4547 Unde
494 4491 525 4547 et
540 4507 619 4568 pene
634 4484 776 4549 omnibus
791 4484 930 4551 barbaris
945 4484 1042 4549 Gothi
1059 4483 1262 4569 sapientiores

168 4605 288 4668 semper
315 4582 498 4661 extiterunt,
515 4583 692 4670 Graecisquc
714 4607 793 4669 pene
809 4585 992 4661 consimiles,
1011 4593 1046 4650 ut
1072 4585 1167 4649 refert
1185 4583 1259 4662 Dio,

169 4686 220 4769 qui
235 4683 379 4750 historias
400 4707 506 4750 eorum
529 4685 713 4770 annalesque
740 4684 850 4749 Graeco
872 4685 943 4750 stilo
965 4685 1147 4770 composuit.
1200 4684 1262 4766 Qui

169 4785 249 4852 dixit
274 4785 409 4871 primum
433 4784 648 4863 Tarabosteos,
667 4785 780 4850 deinde
794 4787 949 4852 vocitatos
971 4786 1109 4852 Pileatos
1124 4787 1190 4861 hos,
1208 4785 1261 4871 qui
