2886 5378
432 857 553 915 udins
579 857 631 913 ou
657 855 818 914 sucrrou
844 857 977 913 xxvur.
1200 844 1248 916 89

154 1013 297 1093 recipiunt
318 1020 348 1072 et
369 1013 573 1086 demonstrant,
586 1013 643 1072 sibi
656 1020 762 1092 praeter
784 1012 845 1092 egri
864 1013 955 1072 solum
975 1012 1049 1072 nihil
1063 1033 1122 1072 esse
1135 1013 1247 1091 reliqui.

154 1110 265 1183 Quibus
285 1110 368 1170 rebus
389 1112 529 1170 adductus
543 1111 642 1184 Caesar,
658 1131 714 1170 uon
735 1111 957 1190 exspectandum
971 1112 1026 1171 sibi
1043 1113 1154 1184 statuit,
1169 1112 1247 1186 dum,

153 1209 285 1268 omnibus
309 1209 431 1268 fortunis
456 1210 596 1268 sociorum
623 1209 787 1282 consumtis,
812 1209 843 1267 in
868 1208 1007 1268 Santonos
1032 1209 1159 1268 Helvetii
1184 1230 1248 1289 per·

154 1306 291 1365 venirent

193 1403 265 1463 XII.
288 1403 408 1463 Flumen
428 1411 471 1463 est
485 1401 566 1476 Arar,
581 1404 656 1482 quod
670 1403 802 1483 perfines
818 1403 978 1463 AEduorum
998 1410 1028 1463 et
1049 1403 1246 1482 Sequanorum

153 1501 184 1559 in
208 1500 380 1560 Rhodanum
404 1500 502 1561 influit
525 1502 688 1561 incredibili
711 1502 839 1572 lenitate,
861 1503 903 1560 ita
923 1511 957 1560 ut
981 1501 1079 1571 oculis,
1101 1502 1132 1560 in
1150 1513 1245 1562 utram

153 1607 262 1677 partem
276 1599 357 1669 fluat,
369 1598 493 1676 judicari
504 1619 561 1658 non
582 1599 678 1677 possit.
719 1598 755 1657 Id
777 1598 905 1658 Helvetii
926 1599 1037 1657 ratibus
1055 1619 1088 1658 ac
1108 1598 1246 1660 lintribus

149 1695 258 1772 junctis
269 1697 437 1756 transibant.
480 1696 538 1755 Ubi
553 1717 603 1776 per
613 1697 804 1774 exploratores
815 1696 906 1755 Cesar
916 1697 1019 1755 certior
1029 1697 1120 1756 factus
1130 1705 1180 1770 est,
1189 1705 1246 1757 tres

148 1794 210 1871 jam
237 1795 383 1873 copiarum
408 1801 502 1874 partes
530 1794 676 1854 Helvetios
699 1794 729 1853 id
753 1793 860 1853 flumen
884 1793 1087 1868 transduxisse,
1111 1804 1244 1872 quartam

151 1911 218 1951 vero
239 1899 350 1971 partem
369 1893 442 1951 citra
461 1892 568 1951 flumen
589 1892 702 1951 Ararim
725 1891 864 1968 reliquam
885 1911 963 1950 esse:
984 1890 1020 1950 de
1040 1891 1126 1950 tertia
1145 1892 1245 1970 vigilia

151 2008 218 2049 cum
238 1989 399 2067 legionibus
423 1990 515 2048 tribus
529 2009 544 2048 e
557 1989 657 2048 castris
679 1989 828 2068 proiectus,
843 1988 955 2047 adeam
974 1996 1086 2068 partem
1104 1990 1243 2067 pervenit,

151 2106 214 2163 quae
241 2087 370 2146 nondum
397 2086 504 2146 flumen
539 2087 698 2145 transierat
741 2086 796 2144 Eos
829 2084 982 2165 impeditos
1008 2102 1037 2144 et
1062 2087 1243 2165 inopinantes

151 2183 306 2261 adgressus,
320 2204 455 2263 magnam
468 2204 564 2244 eorum
584 2192 693 2262 partem
715 2183 858 2243 concidit:
880 2183 983 2260 reliqui
1003 2183 1077 2262 fuges
1090 2203 1149 2242 sese
1161 2203 1243 2243 man·

151 2281 257 2340 darunt
270 2290 357 2360 atque
371 2284 401 2340 in
416 2283 560 2361 proximas
575 2282 660 2340 silvae
673 2281 856 2342 abdiderunt.
896 2280 926 2339 ls
939 2301 1029 2359 pagus
1042 2281 1242 2360 adpellabatur

151 2378 329 2457 Tigurinus:
350 2399 417 2440 nam
431 2381 523 2439 omnis
537 2381 637 2439 civitas
653 2379 786 2438 Helvetia
799 2379 830 2437 in
844 2387 967 2456 quatuor
981 2399 1067 2457 pagos
1083 2378 1175 2438 divisa
1188 2385 1239 2438 est.

151 2475 210 2535 Hic
231 2496 320 2555 pagus
344 2498 426 2549 unus,
441 2459 530 2554 quuni
553 2478 636 2536 domo
657 2479 769 2549 exisset,
789 2484 904 2555 patrum
926 2484 1087 2535 nostrorum
1105 2477 1242 2535 memoria

150 2573 182 2631 L.
197 2572 324 2633 Cassium
351 2576 494 2634 consulem
521 2575 700 2634 interfecerat
727 2583 756 2633 et
783 2574 844 2652 ejus
871 2574 1028 2633 exercitum
1055 2574 1110 2633 sub
1133 2573 1240 2653 jugum

148 2671 272 2731 miserat
314 2671 370 2745 Ita,
391 2672 450 2731 sive
473 2693 547 2745 casu,
570 2673 629 2732 sire
652 2672 770 2731 consilio
794 2671 910 2730 deorum
935 2672 1148 2745 immortalium,
1173 2691 1239 2749 quse

147 2789 212 2847 pars
226 2769 352 2828 civitatis
368 2770 507 2829 Helvetiae
528 2770 669 2848 insignem
690 2769 881 2829 calamitatem
900 2769 1006 2848 populo
1020 2769 1149 2829 Romano
1162 2770 1240 2828 intu-

147 2866 226 2938 lerat,
241 2886 274 2925 ea
287 2867 420 2945 princeps
434 2887 532 2946 poenas
546 2867 690 2946 persolvit.

341 3035 360 3072 1
482 3035 501 3072 1
623 3035 641 3072 1
763 3035 781 3072 1
903 3035 921 3072 1
1043 3032 1060 3065 1

187 3161 320 3222 XXVII.
342 3163 476 3236 Helvetii,
505 3164 633 3223 omnium
664 3183 758 3222 rerum
792 3163 890 3240 inopia
919 3161 1044 3235 adducti,
1068 3163 1175 3241 legatos
1202 3162 1238 3221 de

146 3259 291 3318 deditione
305 3262 341 3319 ad
355 3282 420 3319 eum
435 3263 581 3321 miserunt.
624 3261 680 3331 Qui
694 3281 784 3338 quum
798 3281 864 3319 eum
879 3261 908 3319 in
923 3260 1025 3319 itinere
1039 3261 1237 3320 convenissent

145 3376 230 3434 seque
257 3358 294 3417 ad
321 3359 405 3437 pedes
431 3358 614 3438 projecissent
640 3359 863 3438 suppliciterque
889 3358 980 3417 locuti
1014 3358 1112 3417 flentes
1139 3377 1236 3437 pacem

144 3456 289 3533 petissent,
312 3467 399 3534 atque
421 3479 466 3516 eos
490 3459 520 3516 in
546 3478 579 3516 eo
601 3458 670 3529 loco,
691 3464 830 3535 quotum
854 3464 953 3529 essent,
976 3477 1060 3515 suum
1080 3457 1235 3515 adventum

144 3555 449 3632 exspectarejussisset,
459 3561 623 3634 paruerunt.
658 3553 859 3633 Eopostquam
868 3553 961 3612 Caesar
971 3554 1109 3631 pervenit,
1119 3552 1238 3626 obsides,

143 3671 231 3723 arma,
251 3673 353 3725 servos,
377 3653 429 3730 qui
450 3653 486 3711 ad
507 3673 552 3711 eos
573 3653 771 3731 perfugissent,
790 3651 925 3731 poposcit.
967 3650 1044 3710 Dum
1066 3671 1099 3710 ea
1118 3651 1236 3728 conqui-

144 3757 251 3808 runtur
278 3758 306 3809 et
330 3750 523 3821 conferuntur,
546 3759 629 3809 nocte
650 3750 818 3821 intermissa,
839 3749 952 3808 circiter
972 3747 1120 3807 hominum
1142 3749 1236 3807 millia

145 3864 183 3904 rs
198 3845 259 3923 ejus
273 3847 349 3925 pagi,
364 3849 414 3924 qui
437 3846 614 3924 Verbigenus
633 3846 802 3924 adpdlatur,
823 3844 882 3903 sive
901 3845 1003 3904 timore
1023 3847 1174 3924 perterriti,
1199 3867 1235 3906 ne

141 3944 229 4002 armis
249 3945 363 4003 traditis
383 3945 525 4024 supplicio
545 3944 742 4016 adficerentur,
756 3944 815 4002 sive
832 3963 881 4021 spe
901 3942 1001 4001 salutis
1015 3942 1134 4016 inducti,
1149 3944 1234 4021 quod,

144 4041 175 4099 in
196 4048 277 4100 tanta
297 4042 486 4101 multitudine
508 4042 713 4112 dedititiorum,
727 4061 807 4099 suam
828 4041 926 4118 fugam
946 4047 998 4099 aut
1017 4041 1163 4112 occultari,
1183 4049 1234 4100 aut

141 4139 258 4197 omnino
282 4140 407 4218 ignorari
435 4160 513 4218 posse
536 4139 741 4211 existimarent,
763 4139 855 4216 prima
876 4145 956 4197 nocte
976 4157 992 4196 e
1011 4138 1111 4196 castris
1132 4137 1235 4198 Helve-

143 4236 249 4294 tiorum
263 4239 375 4315 egressi,
390 4238 426 4296 ad
442 4237 572 4297 Rhenum
586 4237 712 4314 finesque
724 4238 930 4296 Germanorum
945 4236 1161 4296 contenderunt.

182 4332 331 4395 XXVIII.
353 4335 435 4405 Quod
459 4336 509 4394 ubi
534 4335 630 4394 cesar
649 4334 752 4406 resciit,
775 4354 895 4411 quorum
917 4354 968 4412 per
984 4333 1053 4393 fines
1067 4334 1167 4407 ierant,
1181 4335 1235 4408 his,

139 4431 185 4490 uti
193 4434 394 4510 conquirerent
405 4442 433 4492 et
444 4432 618 4504 reducerent,
632 4433 657 4491 si
668 4432 723 4491 sibi
738 4433 853 4511 purgati
867 4452 925 4490 esse
938 4434 1051 4502 vellent,
1065 4433 1233 4512 imperavit:

138 4528 269 4588 reductos
297 4530 328 4589 in
356 4531 482 4590 hostium
511 4550 628 4589 numero
655 4530 777 4589 habuit:
800 4530 923 4607 reliquos
950 4551 1053 4602 omnes,
1077 4531 1234 4603 obsidibus,

137 4627 233 4700 armis,
247 4628 373 4706 perfugis
387 4629 509 4700 traditis,
524 4629 556 4686 in
570 4627 744 4687 deditionem
757 4627 873 4705 accepit.
917 4628 1070 4701 Helvetios,
1085 4628 1233 4706 Tulingos,

137 4722 306 4803 Iatobrigos
319 4725 351 4784 in
364 4725 435 4784 fines
448 4745 521 4798 suos,
536 4724 611 4784 unde
625 4733 707 4784 erant
721 4725 848 4804 profecti,
862 4726 965 4784 reverti
976 4725 1083 4803 jussit3
1104 4733 1133 4784 et
1146 4726 1230 4803 quod,

137 4821 271 4881 omnibus
294 4823 435 4882 fructibus
455 4823 573 4895 amissis,
593 4823 669 4882 dorni
691 4823 765 4881 nihil
787 4831 856 4894 erat,
875 4843 932 4900 quo
950 4823 1055 4883 famem
1070 4823 1231 4893 tolerarent,
