2886 5378
561 880 853 939 PROLEGOMENA.
1176 864 1259 934 cxxi

163 1035 343 1121 πλάτος,ἡ
368 1037 518 1120 ποταμία
542 1038 648 1100 πᾶσα.
691 1035 821 1116 Ταύτης
844 1032 880 1099 δὲ
902 1033 943 1098 τὰ
964 1032 1025 1116 μέν
1040 1031 1087 1103 εἰς
1101 1031 1162 1112 τὴν
1178 1037 1260 1095 Κελ-

165 1142 259 1223 τικὴν
283 1137 650 1224 μετήιγονγονῬωμαῖοι,
677 1137 720 1204 τά
743 1135 770 1203 δ’
791 1137 877 1218 έώθη
900 1134 1116 1220 μεταστάντα
1142 1133 1188 1205 εἰς
1203 1131 1263 1216 τὴν

168 1246 201 1312 ἐν
226 1245 329 1325 βάθει
353 1243 478 1333 χώραν,
503 1240 655 1328 καθάπερ
682 1240 835 1327 Μαρσοί·
857 1238 976 1306 λοιποὶ
999 1237 1026 1304 δ’
1044 1237 1130 1303 εἰσὶν
1152 1235 1263 1319 ὀλίγοι

168 1349 225 1415 καὶ
240 1351 305 1415 τῶν
320 1344 542 1431 Σουηάμέρων
555 1341 666 1431 μέρος.
711 1345 807 1409 Μετὰ
823 1341 858 1408 δὲ
881 1342 957 1416 τοὺς
972 1340 1262 1430 παραποταμίους,

168 1446 196 1513 τ’
212 1447 305 1513 ἄλλα
329 1447 422 1515 ἐστὶν
447 1447 523 1528 ἔθνη
550 1446 593 1512 τό
611 1446 739 1530 μεταξὺ
762 1449 822 1513 τοῦ
842 1442 957 1528 Ῥήνου
984 1445 1041 1511 καὶ
1064 1448 1123 1511 τοῦ
1134 1443 1264 1515 Ἄλέιος

168 1553 339 1632 ποταμοῦ·
364 1548 399 1621 δς
414 1548 638 1631 παράλληλός
653 1575 724 1619 πως
740 1549 854 1636 ἐκείνῳ
865 1549 919 1638 ῥεῖ
932 1546 1015 1637 πρὸς
1030 1549 1088 1615 τὸν
1100 1545 1263 1622 Ὠκεανὸν,

168 1653 228 1718 οὐκ
238 1653 368 1718 έλάττω
382 1652 498 1741 χώραν
512 1650 651 1735 διεξιών,
662 1651 748 1740 ἤπερ
764 1653 896 1723 ἐκεῖνος.
927 1650 1005 1718 Εἰσὶ
1020 1651 1056 1718 δὲ
1066 1650 1194 1735 μεταξύ
1209 1648 1265 1717 καὶ

169 1755 272 1821 ἄλλοι
298 1755 445 1838 ποταμοὶ
458 1755 590 1821 πλωτοὶ
607 1753 664 1839 (ὧν
679 1755 713 1821 έν
728 1760 774 1844 τῷ
786 1753 925 1843 Ἄμασίη
939 1759 1089 1844 Δροῦσος
1104 1752 1262 1843 Βρουκτέ-

168 1884 246 1947 ρους
265 1857 553 1948 κατεναυμάχησε)
570 1857 700 1946 ῥέοντες
716 1858 875 1930 ὡσαύτως
890 1859 957 1925 άπὸ
974 1859 1069 1925 νότου
1085 1857 1168 1946 πρὸς
1181 1855 1264 1945 βοῤ-

169 1961 232 2049 ῥεῖν
254 1959 311 2026 καὶ
325 1960 382 2026 τόν
394 1958 559 2026 Ὠκεανόν.
603 1957 761 2049 Ἐξῇρται
776 1961 870 2049 ιγόρῆ
886 1961 983 2051 χώρα
994 1959 1078 2048 πρός
1090 1959 1192 2036 νότον,
1209 1957 1266 2026 καί

172 2067 297 2151 συνεχῆ
307 2063 448 2129 Ἄλπεσι
463 2066 554 2129 ποιεῖ
574 2062 676 2152 ῥάχιν
690 2065 775 2139 τινὰ,
791 2065 875 2153 πρὸς
897 2065 940 2130 έω
963 2064 1151 2147 τεταμένην,
1168 2064 1211 2136 ὡς
1226 2064 1267 2130 άν

171 2164 270 2252 μέρος
295 2165 399 2232 οῦσαν
423 2169 489 2233 τών
518 2163 682 2231 Ἄλπεων·
715 2166 774 2233 καὶ
798 2166 837 2250 δὴ
862 2165 920 2234 καὶ
944 2164 1155 2253 άπεφήναντό
1182 2191 1268 2237 τινες

173 2271 286 2350 οὕτως,
309 2267 365 2335 διά
390 2294 428 2335 τε
448 2268 508 2351 τὴν
532 2271 718 2359 λεχθεῖσαν
739 2270 846 2348 θέσιν,
864 2272 920 2338 καῖ
945 2271 1000 2338 διὰ
1023 2271 1061 2338 τό
1085 2270 1144 2354 τὴν
1167 2269 1269 2351 αὐτὴν

175 2374 258 2452 ὕλην
282 2372 452 2461 ἐκφέρειν·
475 2373 514 2440 ού
539 2377 604 2456 μὴν
628 2374 685 2440 έπῖ
708 2376 870 2441 τοσοῦτόν
892 2400 932 2457 ηε
957 2377 1047 2462 ὕψος
1072 2373 1207 2463 ἀνίσχει
1224 2373 1269 2439 τὰ

175 2475 295 2556 ταύτης
310 2475 404 2563 μέρη.
450 2475 613 2543 Ἐνταῦθα
633 2475 660 2542 δ’
678 2477 752 2543 έστὶ
773 2477 831 2543 καὶ
852 2477 1053 2567 όἘρκύνιος
1065 2476 1194 2566 δρυμὸς,
1210 2474 1269 2543 καῖ

175 2581 218 2645 τό
242 2583 308 2645 τῶν
334 2580 472 2661 Σοήβων
496 2579 583 2661 ἔθνη,
607 2581 733 2664 τὰμὲν
758 2580 913 2648 οἰκοῦντα
935 2579 1025 2654 έντδς
1048 2580 1108 2647 τοῦ
1134 2579 1269 2669 δρυμοῦ,

177 2683 332 2749 καθάπου
354 2683 397 2749 τό
422 2686 488 2749 τῶν
513 2682 697 2750 Κολδούων·
725 2684 759 2750 έν
781 2683 831 2756 οῖς
854 2685 928 2751 έστι
952 2684 1009 2751 καὶ
1030 2685 1068 2751 τὸ
1083 2684 1269 2767 Βουίαιμον,

176 2784 214 2851 τὸ
238 2786 297 2851 τοῦ
319 2783 535 2874 Μαροὲούδου
549 2785 741 2865 βασίλειαν,
758 2786 804 2858 εἰς
820 2787 856 2854 δν
871 2788 992 2861 ἐκεῖνος
1014 2786 1127 2862 τύπον,
1143 2785 1271 2858 ἄλλους

177 2913 214 2953 τε
235 2888 462 2972 μετανέστησε
476 2890 624 2965 πλείους,
642 2890 699 2956 καὶ
714 2889 754 2972 δὴ
769 2892 846 2963 τοὺς
866 2891 1036 2975 ὁμοεθνεῖς
1059 2890 1164 2978 ἑαυτῷ
1177 2896 1271 2977 Μαρ-

179 2991 374 3075 κομμάνους.
418 2989 567 3075 Ἐπέστη
582 2997 647 3081 ιγὰρ
669 2999 739 3066 τοῖς
753 2995 950 3083 πράγμασιν
965 2994 1061 3066 οῦτος
1076 2995 1113 3078 ἐξ
1128 2993 1271 3071 ἰδιώτου,

177 3095 265 3178 μετὰ
293 3096 354 3177 τὴν
383 3096 421 3161 έκ
442 3094 569 3179 Ῥώμης
599 3097 775 3164 ἐπάνοδον·
814 3099 885 3170 νέος
909 3098 975 3186 γάρ
1004 3098 1044 3181 ἦν
1067 3097 1192 3173 ἐνθάδε,
1216 3095 1273 3164 καῖ

179 3200 381 3287 εύεργετεῖτο
405 3197 469 3266 ὑπὸ
493 3206 553 3268 τοῦ
574 3201 763 3267 Σεθαστοῦ·
787 3202 980 3269 ἐπανελθὼν
995 3202 1031 3269 δὲ
1053 3203 1273 3270 ἐδυνάστευσε

180 3302 235 3368 καὶ
259 3303 501 3384 κατεκτήσατο,
517 3302 601 3388 πρός
625 3303 675 3376 οῖς
702 3302 806 3381 εἷπον,
829 3307 967 3379 Λουίους
991 3332 1038 3383 τε,
1057 3308 1144 3390 μεἰγα
1169 3307 1271 3383 ἔθνος,

180 3405 236 3472 καῖ
259 3407 416 3488 Ζούμους,
434 3406 491 3472 καὶ
515 3407 687 3482 Βούτονας,
703 3407 760 3473 καὶ
784 3408 1021 3490 Μουγίλωνος,
1038 3410 1094 3476 καὶ
1113 3410 1271 3486 Σιθινοῦς,

180 3508 245 3585 καῖ,
277 3505 315 3574 τδ
341 3511 407 3574 τῶν
430 3508 563 3593 Σοήὲων
587 3510 695 3577 αὐτῶν
716 3509 804 3594 μέγα
828 3509 930 3592 ἔθνος,
954 3512 1134 3595 Σέμνωνας.
1179 3514 1275 3594 Πλὴν

180 3613 222 3677 τά
245 3636 284 3695 ιγε
310 3614 377 3678 τῶν
391 3611 534 3694 Σοήὲων,
550 3613 594 3685 ώς
609 3612 702 3700 ἔφην,
719 3612 806 3694 ἔθνη,
822 3612 940 3696 τὰμὲν
955 3615 1045 3689 ἐντὸς
1070 3615 1158 3705 ᾤκει,
1174 3616 1217 3682 τό
1238 3615 1274 3682 δὲ

181 3715 275 3787 ἐκτὸς
298 3718 358 3781 τοῦ
378 3713 511 3803 δρυμοῦ,
538 3717 644 3805 ὅμορα
673 3720 743 3788 τοῖς
767 3715 894 3788 Γέταις.
950 3718 1120 3801 Μέγιστον
1146 3719 1209 3804 μὲν
1236 3720 1274 3786 τό

182 3823 247 3886 τῶν
270 3818 403 3900 Σοὴἓων
429 3817 539 3893 ἔθνος·
573 3819 679 3902 διήκει
700 3820 766 3905 γὰρ
792 3819 859 3885 ἀπὸ
882 3823 941 3887 τοῦ
954 3819 1068 3903 Ῥήνου
1089 3822 1193 3912 μέχρι
1216 3826 1276 3890 τοῦ

176 3922 328 3994 Ἄλθιος·
350 3922 450 4005 μέρος
476 3922 512 3988 δέ
531 3949 565 3989 τι
588 3923 702 3996 αὐτῶν,
719 3922 775 3988 καὶ
795 3921 900 4010 πέραν
919 3927 978 3990 τοῦ
992 3922 1117 3996 Ἄλίιος
1133 3926 1275 4009 νέμεται,

183 4024 334 4113 καθάπερ
348 4022 561 4113 Ἑρμόνδοροι
575 4023 632 4091 καὶ
644 4023 945 4112 Λαηκόσαρηοι·
962 4030 1017 4092 νῦν
1032 4025 1068 4092 δὲ
1083 4027 1139 4093 καὶ
1154 4028 1277 4100 τελέως

184 4127 231 4200 εἰς
254 4127 313 4211 τὴν
334 4126 478 4214 περαίαν
492 4128 587 4194 οῦτοί
609 4152 648 4210 ιγε
670 4127 908 4193 ε’κπεπτώκασι
932 4129 1116 4215 φεύγοντες.
1162 4132 1277 4198 Κοινόν

183 4233 212 4301 δ’
241 4233 335 4301 ἐστὶν
362 4233 472 4298 ἅπασι
501 4235 571 4302 τοῖς
600 4231 714 4316 ταύτῃ,
744 4229 782 4296 τό
815 4230 893 4318 περὶ
921 4233 982 4304 τὰς
1009 4235 1276 4317 μεταναστάσεις

183 4337 333 4422 εὐμαρὲς,
349 4335 404 4402 διὰ
419 4337 479 4417 τὴν
491 4333 654 4414 λιτότητα
669 4337 729 4400 τοῦ
741 4334 831 4412 βίου,
848 4334 904 4399 καὶ
920 4333 975 4401 διό
990 4335 1028 4401 τό
1042 4336 1089 4420 μὴ
1104 4341 1274 4425 ιγεωρηιεῖν,

183 4440 267 4526 μηδὲ
280 4439 504 4526 θησαυρίζειν,
521 4433 600 4502 ἀλλ’
618 4435 651 4501 έν
667 4434 837 4507 καλυθίοις
860 4436 963 4504 οἰκεῖν
978 4438 1142 4528 ἐφήμερον
1157 4438 1277 4529 έχουσι

68 4526 81 4543 ⁴
183 4543 412 4633 παρασκευήν·
450 4540 557 4626 τροφὴ
587 4536 614 4603 δ’
646 4538 713 4604 άπὸ
743 4542 809 4604 τών
835 4538 1037 4628 θρεμμάτων
1065 4542 1085 4625 ἦ
1119 4543 1277 4625 πλείστη,

185 4646 341 4714 καθάπου
355 4648 425 4716 τοῖς
445 4643 617 4726 Νομάσιν·
641 4639 721 4708 ὥστ’
738 4642 879 4713 έκείνους
893 4643 1099 4728 μιμούμενοι,
1114 4646 1156 4710 τό
1171 4645 1279 4712 οἰκεῖα

183 4754 258 4824 ταῖς
272 4748 488 4839 ἁρμαμάξαις
510 4744 702 4834 ἐπάραντες,
726 4745 804 4811 ὅποι
825 4745 867 4811 άν
889 4745 978 4832 δόξῃ,
994 4749 1172 4832 τρέπονται
1192 4750 1278 4832 μετὰ

184 4855 250 4921 τών
268 4849 507 4935 βοσκημάτων.
545 4847 650 4914 Ἄλλο
675 4846 702 4913 δ’
719 4847 912 4938 ένδεέστερά
936 4850 1028 4917 ἐστιν
1054 4850 1130 4932 ἔθνη
1154 4859 1277 4940 Γερμα.
