2886 5378
176 766 252 815 xxx
455 764 532 819 'l'llll
554 767 736 822 suuntur
761 766 810 823 OF
833 765 998 823 ructuas·

181 920 412 1010 Wurgoudaib,
428 947 484 1011 per
500 946 597 991 annos
611 926 729 1011 aliquot
746 928 935 1015 possedisse:
964 948 1031 1012 quae
1048 948 1104 991 nos
1126 925 1276 991 arbitrari

174 1044 337 1109 possumus
354 1048 421 1090 esse
436 1025 588 1091 voeabula
605 1050 765 1113 pagorum,
784 1051 837 1094 seu
853 1049 1103 1113 quorumeunque
1120 1027 1273 1091 locorum.

219 1122 322 1188 XIV.
347 1125 485 1191 Mortuis
508 1126 627 1191 interea
650 1127 724 1193 Ibor
748 1138 781 1193 et
804 1129 918 1215 Ayone
941 1128 1083 1203 ducibus,
1106 1126 1157 1211 qui
1185 1126 1276 1193 Lon·

172 1220 329 1307 gobardos
352 1248 371 1290 a
394 1224 603 1291 Scandinavia
624 1228 808 1306 eduxerant,
825 1237 858 1294 et
880 1251 977 1313 usque
990 1228 1031 1293 ad
1046 1228 1112 1292 baee
1128 1234 1276 1314 tempora

174 1333 332 1402 rexerant,
364 1325 506 1391 nolentes
521 1324 591 1412 jam
618 1329 702 1394 ultra
733 1329 930 1415 Longobardi
962 1351 1028 1394 esse
1049 1327 1107 1393 sub
1128 1327 1274 1406 duribus,

174 1444 280 1509 regem
297 1424 356 1490 sibi
371 1426 413 1490 ad
428 1435 611 1492 eaeterarum
633 1430 732 1495 instar
753 1431 894 1516 gentium
911 1437 1099 1495 statuerunt.
1145 1427 1276 1513 Regrra·

176 1522 221 1586 vit
250 1522 347 1609 igitur
376 1547 469 1613 super
496 1550 548 1594 eos
569 1530 688 1614 primus
704 1530 934 1616 Agelmundus,
968 1529 1048 1594 lilius
1069 1527 1202 1614 Ayouis,
1229 1550 1273 1592 ex

174 1624 318 1710 prosapia
339 1625 456 1694 dueeus
477 1629 627 1714 originem
650 1630 877 1717 Guningmum,
900 1653 967 1714 quae
989 1629 1073 1715 apud
1097 1650 1149 1693 eos
1173 1650 1273 1713 gene·

174 1722 271 1788 rosior
292 1725 477 1794 habebatur.
523 1729 597 1809 Hic,
619 1731 700 1798 sient
722 1755 742 1796 a
763 1728 932 1818 majoribus
953 1730 1097 1807 traditur,
1113 1729 1213 1794 tribus
1233 1737 1271 1793 et

174 1821 306 1909 triginta
318 1828 409 1893 annis
425 1828 702 1916 Langobardorum
718 1832 819 1897 tenuit
836 1853 976 1917 regnum.

219 1924 301 1989 XV.
326 1925 389 1992 His
411 1932 603 2016 temporibus
625 1933 768 2018 quaedam
789 1933 938 1997 meretrix
961 1953 1022 1995 uno
1036 1937 1128 2016 partu
1145 1937 1268 2015 septem

177 2027 322 2109 puerulos
343 2028 448 2106 enixa,
470 2031 569 2097 beluis
590 2034 733 2099 omnibus
756 2041 858 2099 mater
880 2031 1042 2108 crudelior,
1064 2030 1096 2094 in
1119 2028 1271 2115 piscinam

174 2122 305 2211 projeeit
329 2129 496 2196 necandos.
556 2131 628 2199 Hoe
650 2133 677 2201 si
704 2133 753 2198 eui
780 2131 968 2219 impossibile
993 2131 1125 2205 videtur,
1150 2131 1270 2215 relegat

174 2224 319 2293 historias
341 2239 491 2311 veterum,
517 2239 549 2297 et
574 2232 711 2301 inveniet
735 2255 797 2298 uon
822 2234 922 2299 solum
943 2239 1063 2317 septem
1087 2230 1268 2308 infantulos,

173 2325 230 2391 sed
255 2327 350 2393 etiam
375 2353 487 2397 novem
512 2355 607 2398 unam
632 2334 792 2400 mulierem
817 2334 908 2399 simul
933 2332 1097 2418 peperisse.
1148 2330 1192 2395 Et
1206 2330 1269 2395 hoe

173 2434 295 2493 eertum
312 2439 361 2495 est
377 2433 514 2497 maxime
528 2434 611 2520 apud
630 2433 805 2521 AEgyptios
819 2432 894 2499 fieri.
946 2433 1085 2518 Contigit
1107 2431 1212 2515 itaque
1229 2439 1268 2495 ut

174 2549 231 2592 rex
243 2528 470 2616 Agelnrundus,
484 2533 559 2598 dnm
574 2533 634 2599 iter
648 2542 796 2620 carperet,
810 2534 850 2598 ad
866 2534 996 2599 eandem
1011 2531 1160 2617 piscinam
1176 2531 1269 2596 deve-

174 2628 265 2697 niret.
312 2631 372 2713 Qui
388 2655 459 2697 eum
476 2656 554 2717 equo
568 2642 689 2699 retento
704 2634 894 2700 miserandos
909 2632 1077 2699 infantulos
1090 2632 1267 2707 miraretur,

174 2728 325 2816 hastaque
351 2756 444 2817 quam
471 2756 566 2798 manu
592 2734 729 2820 gerebat,
758 2734 819 2799 buo
845 2734 977 2819 illaeque
1004 2755 1056 2798 eos
1085 2732 1265 2808 inverteret,

173 2851 253 2897 unus
268 2857 308 2897 ex
323 2833 383 2899 illis
398 2856 493 2899 manu
508 2831 622 2920 injecta
636 2833 758 2900 hastam
773 2834 890 2920 regiam
904 2832 1148 2919 comprehendit.
1193 2831 1266 2895 Rex

173 2929 383 2999 misericordia
396 2942 510 3011 motus,
524 2934 703 3018 factumque
717 2934 810 3000 altius
824 2934 1007 3011 admiratus,
1024 2956 1095 2998 eum
1118 2955 1266 3018 magnum

174 3030 315 3098 firturum
341 3034 541 3120 pronuntiat:
570 3055 703 3117 moxque
721 3057 793 3099 eum
814 3057 832 3099 e
854 3034 974 3120 piscina
994 3035 1091 3098 levari
1112 3033 1263 3118 praecipit,

174 3141 269 3216 atque
294 3135 407 3199 nutrici
432 3133 594 3212 traditum,
618 3133 796 3198 amnicum
823 3135 927 3199 studio
955 3134 1084 3199 mandat
1108 3132 1263 3198 alendum.

176 3231 221 3297 Et
251 3236 324 3318 quia
352 3257 423 3300 eum
448 3234 488 3299 de
509 3233 637 3320 piscina,
660 3256 728 3317 quae
754 3256 860 3298 eorum
884 3234 990 3320 lingua
1011 3235 1112 3299 sama
1139 3232 1262 3310 dieitur,

170 3333 311 3415 abstulit,
337 3335 488 3400 Lamissio
513 3333 614 3399 eidem
638 3356 749 3398 nomen
775 3333 930 3419 imposuit.
976 3334 1037 3416 Qui
1064 3356 1135 3399 eum
1162 3333 1265 3398 adole·

175 3434 278 3514 visset,
296 3437 375 3502 adeo
392 3444 536 3501 strenuus
544 3431 669 3521 juvenis
695 3432 823 3499 effeetus
848 3443 906 3513 est,
922 3443 959 3500 ut
984 3445 1017 3500 et
1041 3433 1262 3500 bellicossimus

173 3537 325 3616 extiterit,
351 3545 383 3602 et
397 3543 469 3623 post
484 3535 513 3599 A
516 3533 675 3620 gelmundi
692 3534 795 3614 funus,
813 3536 900 3620 regni
913 3536 1122 3620 gubernacula
1135 3533 1261 3599 rexerit.

174 3634 294 3703 Ferunt
319 3639 411 3715 hune,
427 3637 503 3701 dum
531 3634 727 3721 Longobardi
753 3658 824 3699 eum
846 3659 987 3721 regesne
1004 3636 1064 3701 iter
1080 3644 1206 3721 agentes
1220 3633 1261 3697 ad

171 3739 328 3820 quendam
342 3735 471 3802 fluvium
488 3737 710 3823 pervenissent,
728 3743 760 3799 et
774 3735 815 3800 ab
831 3736 1043 3801 Amazonibus
1067 3744 1170 3802 essent
1192 3757 1261 3819 pro-

172 3836 265 3904 hibiti
286 3840 370 3904 ultra
390 3859 559 3923 permeare,
578 3858 650 3900 eum
672 3857 778 3899 earum
799 3835 968 3900 fortissima
988 3837 1021 3900 in
1041 3834 1135 3901 fluvio
1150 3843 1261 3900 natatu

171 3959 334 4025 pugnasse,
359 3960 489 4022 eamque
514 3935 687 4021 peremisse,
710 3935 828 4019 sibique
854 3936 954 4001 laudis
974 3937 1114 4021 gloriam,
1138 3936 1262 4020 Longo·

171 4036 275 4105 bardis
291 4061 412 4124 quoque
427 4038 593 4103 transitum
607 4034 781 4120 paravisse:
807 4036 865 4100 hoc
887 4035 1037 4120 siquidem
1059 4038 1140 4102 iuter
1161 4047 1261 4100 utras·

169 4160 230 4221 que
255 4141 335 4205 acies
360 4139 445 4225 prius
471 4136 657 4210 eonstitisse,
679 4149 831 4219 quatenus
856 4136 881 4202 si
898 4139 1061 4202 Amazona
1074 4137 1183 4201 eadem
1200 4135 1260 4199 La·

170 4237 347 4304 missionem
372 4244 541 4323 superaret,
568 4235 765 4321 Langobardi
790 4259 810 4300 a
835 4234 961 4301 flumine
990 4238 1189 4312 recederent;
1214 4237 1261 4299 sin

171 4358 243 4402 vero
267 4361 286 4402 a
312 4339 513 4413 Lamissione,
528 4343 564 4400 ut
587 4345 620 4400 et
643 4336 761 4400 factum
783 4345 840 4414 est,
856 4338 923 4423 ipsa
938 4337 1121 4416 vinceretur,
1139 4336 1260 4421 Longo·

168 4436 273 4502 bardis
298 4439 406 4502 eadem
434 4435 613 4522 permeandi
637 4433 753 4500 fluenta
777 4438 865 4522 eopia
889 4438 1085 4522 praeberetur.
1130 4436 1261 4503 Oonstat

166 4559 241 4602 sane
263 4539 336 4622 quia
358 4535 450 4623 hujus
474 4536 652 4601 assertionis
673 4537 767 4601 series
788 4537 889 4603 minus
904 4537 1028 4602 veritati
1052 4538 1185 4603 subnixa
1201 4544 1258 4601 est.

168 4636 322 4704 Omnibus
347 4637 472 4716 etenim,
501 4637 612 4721 quibus
636 4644 756 4702 veteres
781 4639 917 4703 historia
943 4645 1027 4702 uotae
1054 4646 1137 4717 sunt,
1164 4645 1261 4723 patet,

164 4747 291 4823 gentem
317 4738 513 4804 Amazonum
540 4738 630 4823 longe
653 4744 755 4815 autea,
782 4761 874 4822 quam
899 4737 964 4802 brec
992 4735 1057 4804 fieri
1082 4745 1260 4824 potuerunt,
