2886 5378
741 87 752 99 4ι

513 277 536 282 ,7-
556 283 562 286 .
614 284 655 294 «a,
670 149 800 298 .

191 854 288 923 cxxii
464 866 541 921 Tm:
566 865 746 922 εκκυκκν
773 865 822 922 ον
846 865 1013 921 memus.

195 1021 279 1097 νικά,
303 1022 495 1108 Χηροῦσκοί
512 1046 548 1086 τε
570 1021 626 1087 καὶ
640 1021 775 1097 Χάττοι,
797 1020 853 1086 καὶ
867 1019 1112 1108 Γαμαῦριοῦῑοι,
1126 1018 1185 1085 καὶ
1198 1024 1283 1083 Χατ-

193 1125 360 1213 τουάριοι·
376 1125 460 1211 πρὸς
475 1122 511 1189 δὲ
530 1132 577 1212 τῷ
588 1122 736 1212 Ὠκεανῷ
751 1123 961 1212 Σοῦηαμθροί
978 1151 1024 1199 τε,
1046 1123 1103 1190 καὶ
1122 1121 1283 1195 Χαῦὲοι,

191 1227 248 1294 καὶ
262 1227 468 1317 Βροῦκτεροι,
483 1227 541 1293 καί
556 1226 706 1316 Κίμῦροι,
731 1227 858 1294 Καῦκοί
872 1227 979 1293 τεκαὶ
996 1231 1206 1300 Καοῦλκοι,
1230 1224 1287 1289 καί

190 1331 438 1420 Καμψιανοί,
454 1330 511 1396 καὶ
524 1329 628 1397 ἄλλοι
642 1332 790 1404 πλείους.
826 1329 905 1396 Ἐπί
919 1335 1025 1397 ταῦτα
1040 1328 1076 1394 δὲ
1091 1334 1138 1416 τῷ
1149 1327 1285 1417 Ἀμασίᾳ

192 1435 360 1523 φέρονται,
394 1434 569 1520 Βίσουρηίς
599 1459 645 1509 τε,
684 1434 741 1500 καὶ
777 1433 926 1505 Λουπίας
963 1433 1123 1516 ποταμός,
1165 1431 1286 1519 διέχων

187 1537 301 1621 Ῥήνου
315 1537 393 1627 περὶ
416 1536 610 1621 ἑξακοσίους
633 1536 799 1613 σταδίους,
813 1537 898 1625 ῥέων
913 1536 968 1602 διά
989 1535 1198 1624 Βρουκτέρων
1221 1538 1286 1600 τῶν

190 1637 386 1708 ἐλαττόνων.
434 1639 533 1706 Ἐστι
555 1639 590 1705 δὲ
616 1639 672 1706 καί
695 1640 808 1711 Σάλας
831 1639 990 1722 ποταμὸς,
1015 1639 1054 1705 οῦ
1078 1639 1205 1722 μεταξὺ
1228 1636 1285 1702 καί

188 1750 247 1812 τοῦ
260 1744 373 1827 Ῥήνου
395 1749 563 1828 πολεμῶν,
591 1748 648 1812 καὶ
670 1747 842 1834 κατορθῶν
862 1752 1012 1833 Δροῦσος
1036 1743 1283 1826 ἐτελεύτησωὸ

187 1848 395 1934 Γερμανικός.
425 1848 652 1938 Ἐχειρώσατο
669 1848 695 1916 δ
712 1852 751 1917 οῦ
764 1852 865 1935 μόνον
879 1855 944 1917 τῶν
959 1852 1060 1917 ἐθνῶν
1071 1851 1112 1915 τὰ
1123 1853 1282 1922 πλεῖστα,

186 1952 279 2017 ἀλλά
294 1951 421 2024 καὶτὰς
437 1954 471 2020 ἐν
485 1961 531 2041 τῷ
544 1955 715 2042 παράπλῳ
730 1956 859 2037 νήσους,
877 1954 921 2021 ὧν
937 1953 1011 2020 ἐστὶ
1026 1955 1082 2020 καὶ
1098 1954 1118 2035 ή
1133 1962 1283 2041 Βουρχα-

187 2055 245 2134 νὶς,
261 2056 302 2138 ἣν
315 2053 353 2122 ἐκ
367 2059 566 2143 πολιορκίας
582 2056 664 2124 εῖλε.

228 2159 379 2243 Γνώριμα
406 2158 442 2226 δὲ
467 2165 574 2226 ταῦτα
600 2159 747 2241 κατέστη
772 2163 815 2226 τὰ
841 2160 927 2241 ἐθνη,
957 2163 1169 2243 πολεμοῦντα
1197 2158 1281 2245 πρὸς

185 2261 377 2346 Ῥωμαίους,
409 2261 468 2328 εἶτ’
493 2262 670 2344 ἐνδιδόντα,
701 2263 757 2329 καὶ
786 2265 892 2330 πάλιν
920 2263 1143 2351 ἀφιστάμενα,
1172 2262 1193 2345 ἢ
1224 2262 1281 2328 καὶ

185 2366 433 2433 καταλείποντα
444 2364 504 2437 τάς
516 2367 686 2439 κατοικίας
699 2394 707 2410 ·
724 2367 786 2456 κᾷν
795 2367 902 2434 πλείω
919 2367 954 2433 δὲ
965 2368 1114 2454 γνώριμα
1125 2368 1279 2453 ὑπῆρξεν,

186 2469 216 2536 εί
225 2470 388 2559 ἐπέτρεπε
403 2476 472 2542 τοῖς
482 2476 683 2558 στρατηγοῖς
695 2471 711 2535 ό
725 2470 899 2547 Σεέαστδς,
908 2469 1085 2538 διαθαινειν
1099 2469 1278 2548 τὸνἌλθιν,

185 2575 340 2657 μετιοῦσι
355 2575 431 2645 τοὺς
447 2575 557 2639 ἐκεῖσε
572 2573 864 2659 ἐπανισταμένους.
909 2575 990 2640 Νυνὶ
1006 2573 1032 2640 δ’
1056 2574 1281 2664 εὐπορώτερον

185 2678 339 2757 ὑπέλαβε
362 2681 563 2765 στρατηγεῖν
578 2677 635 2743 τὸν
657 2678 691 2742 ἐν
712 2679 814 2766 χερσὶ
829 2678 987 2762 πόλεμον,
1005 2677 1035 2743 ει’
1059 2682 1124 2744 τῶν
1141 2677 1205 2762 ἔξω
1220 2681 1279 2742 τοῦ

180 2778 314 2859 Ἄλβιος
324 2778 397 2845 καθ’
409 2779 555 2867 ήσυχίαν
565 2780 669 2846 άντων
683 2780 857 2869 ἀπέχοιτο,
872 2782 984 2864 καὶμὴ
999 2781 1181 2867 παροξῦναι
1195 2780 1279 2867 πρὸς

185 2883 245 2964 τήν
260 2882 431 2949 κοινωνίαν
446 2887 504 2963 τῆς
520 2881 654 2970 ἔχθρας·
695 2883 861 2971 Ἤρξαντο
885 2883 922 2949 δέ
945 2888 1004 2949 τοῦ
1025 2884 1176 2966 πολέμου
1199 2884 1277 2949 Σοῦ·

184 2987 335 3072 ηαμβροι
365 2984 515 3065 πλησίον
540 2984 706 3057 οἰκοῦντες
732 2991 791 3051 τοῦ
819 2985 942 3067 Ῥήνου,
972 2986 1117 3053 Μέλωνα
1146 2986 1279 3074 ἔχοντες

183 3087 346 3171 ήηεμόνα·
371 3086 523 3176 κάκεῖθεν
537 3086 599 3168 ήδη
615 3086 741 3175 διεῖχον
764 3087 882 3155 ἄλλοτ’
897 3089 1010 3165 άλλοι,
1027 3088 1278 3159 δυναστεύοντες

184 3193 241 3258 καὶ
262 3191 514 3273 καταλυόμενοι,
541 3191 649 3256 πάλιν
675 3188 701 3256 δ’
726 3192 959 3278 ἀφιστάμενοι,
984 3191 1196 3279 προδιδόντες
1220 3192 1277 3258 καὶ

183 3296 227 3362 τὰ
247 3296 356 3382 ὅμηρα
375 3293 430 3359 καὶ
456 3293 515 3364 τὰς
530 3292 672 3365 πίστεις.
717 3293 805 3381 Πρὸς
828 3295 882 3366 οῦς
905 3295 1000 3378 ἡμὲν
1022 3296 1175 3375 ἀπιστία,
1189 3295 1277 3378 μέγα

183 3400 325 3485 ὄφελος·
363 3396 397 3464 οῖ
434 3395 469 3462 δὲ
505 3396 748 3472 πιστευθέντες,
790 3397 832 3462 τὰ
865 3398 1010 3481 μέγιστα
1046 3395 1276 3483 κατέῦλαήιαν,

183 3502 335 3589 καθάπερ
352 3499 384 3565 οῖ
397 3503 595 3585 Χηροῦσκοι,
619 3500 676 3565 καὶ
696 3499 729 3565 οἱ
747 3499 872 3566 τούτων
894 3501 1043 3583 ὑπήκοοι·
1065 3499 1144 3586 παρ’
1160 3501 1209 3573 οίς
1235 3502 1278 3566 τὰ

183 3606 260 3694 τρία
275 3606 431 3687 τάγματα
444 3601 613 3685 Ῥωμαίων
625 3605 711 3685 μετὰ
731 3602 790 3668 τοῦ
806 3609 994 3691 στρατηγοῦ
1015 3605 1147 3691 Οὐάρου
1166 3613 1274 3671 Κουϊν-

183 3707 292 3774 τιλίου
315 3705 646 3793 παρασπονδηθέντα,
662 3706 818 3772 ἀπώλετο
843 3708 880 3791 ἐξ
906 3707 1046 3796 ἐνέδρας.
1086 3709 1226 3774 Ἔτισαν
1241 3708 1277 3773 δέ

183 3805 276 3877 δίκας
313 3807 466 3883 ἅπαντες,
507 3809 564 3874 καὶ
613 3809 788 3898 παρέσχον
828 3815 874 3898 τῷ
910 3813 1057 3899 νεωτέρῳ
1087 3815 1276 3899 Γερμανικῷ

181 3908 420 3994 λαμπρότατον
433 3909 605 3997 θρίαμθον,
622 3913 656 3977 ἐν
672 3911 699 3999 ηῖ
722 3911 939 4000 ἐθριαμθεύθη
965 3919 1030 3980 τῶν
1053 3916 1275 4003 ἐπιφανεστά-

183 4038 249 4078 των
263 4011 390 4101 όνδρῶν
405 4014 547 4096 σώματα
563 4014 619 4080 καὶ
634 4020 805 4098 γυναικῶν,
822 4019 1038 4101 Σεμιηοῦντός
1053 4046 1089 4085 τε
1111 4019 1276 4102 Σεηέστου

183 4113 260 4195 υἱὸς,
281 4114 483 4202 Χηροόσκων
511 4118 650 4201 ήηεμὼν,
681 4118 737 4184 καί
760 4119 891 4204 ἀδελφὴ
916 4124 1027 4198 αὐτοῦ,
1053 4124 1134 4206 ιγυνή
1159 4121 1186 4188 δ’
1214 4121 1275 4208 Ἀρ-

181 4218 303 4301 μενίου,
334 4223 393 4284 τοῦ
421 4221 745 4308 πολεμαρχήσαντος
776 4223 810 4289 ἐν
839 4229 907 4295 τοῖς
936 4225 1142 4311 Χηρούσκοις
1172 4227 1206 4290 ἐν
1234 4229 1274 4309 τῇ

182 4320 265 4407 πρὸς
280 4321 409 4408 Οῦαρον
424 4324 633 4389 Κουῖντίλιον
648 4325 934 4412 παρασπονδήσει,
951 4329 1008 4393 καὶ
1030 4333 1085 4394 νῦν
1106 4324 1156 4394 ἐτι
1181 4330 1273 4395 συνέ-

180 4451 299 4513 χοντος
328 4425 385 4490 τὸν
413 4425 571 4507 πόλεμον,
600 4427 703 4508 ὄνομα
733 4429 937 4504 Θουσνέλδα,
968 4432 1024 4497 καὶ
1050 4431 1117 4503 υἱὸς
1143 4432 1273 4517 τριετὴς

182 4530 406 4611 Θουμελικός·
430 4528 535 4594 ἔτιδὲ
558 4529 740 4601 Σεσίθακος
755 4534 958 4616 Σαιηιμήρου
979 4534 1045 4604 υἱὸς
1066 4540 1131 4601 τῶν
1150 4536 1271 4622 Χεροῦ-

182 4658 272 4698 σκων
289 4633 457 4714 ήηεμόνος,
473 4632 530 4698 καὶ
545 4634 565 4714 ή
579 4634 660 4716 ’γυνὴ
672 4636 789 4700 τοῦτου
807 4634 929 4718 Ῥαμὶς,
942 4637 1156 4725 Οῦκρομῦρου
1167 4638 1270 4722 9217&-

183 4763 254 4825 τηρ,
272 4734 430 4819 ἡγεμόνος
453 4741 617 4811 Βαττῶν,
634 4738 690 4803 καί
702 4738 862 4827 Δευδόριξ
878 4739 1067 4827 Βαιτὸριτος
1081 4747 1140 4808 τοῦ
1156 4743 1272 4809 Μέλω-

185 4867 238 4914 νος
249 4839 399 4926 ἀδελφοῦ
415 4840 481 4910 υἱὸς
497 4839 716 4928 Σοῦγαμθρος.
761 4843 943 4927 Σανγέστης
958 4843 994 4910 δὲ
1009 4845 1026 4909 ὁ
1041 4845 1199 4932 πενθερὸς
1214 4856 1273 4916 τοῦ
