2886 5378
196 709 245 781 88
475 723 552 778 run
574 723 756 779 canneru
779 723 827 779 οι
848 722 1014 779 rscmus.

196 889 266 953 erat,
287 897 498 957 nonnunquam
522 877 661 951 interdiu,
679 878 783 956 saepius
803 878 943 952 noetu,si
966 895 1149 957 perrumpere
1171 882 1297 956 possent,

200 979 305 1050 conati,
319 977 411 1056 operis
433 975 593 1034 munitione
611 984 640 1035 et
661 975 789 1034 militnm
809 995 949 1035 concursu
970 990 999 1034 et
1020 976 1085 1035 telis
1105 974 1221 1055 repulsi,
1239 973 1297 1034 hoo

201 1083 306 1137 conatu
321 1074 502 1134 destiterunt

241 1173 297 1232 IX.
320 1171 549 1249 Relinquebatur
564 1191 624 1229 una
637 1189 688 1248 per
709 1169 853 1247 Sequanos
867 1170 922 1242 via,
937 1191 1002 1249 qua,
1024 1169 1163 1247 Sequanis
1183 1170 1295 1241 inritis,

201 1278 317 1350 propter
330 1269 477 1348 angustias
488 1259 529 1335 ire'
540 1288 595 1327 non
606 1275 746 1346 poterent.
788 1268 844 1327 His
854 1288 945 1346 quum
956 1289 1008 1327 sua
1015 1275 1114 1346 sponte
1129 1268 1299 1347 persuadere

202 1389 259 1428 non
274 1376 395 1446 possent,
409 1368 517 1444 legatos
530 1367 567 1425 ad
582 1348 788 1444 Dumnorigem
806 1366 935 1425 AEduum
957 1366 1088 1436 mittunt,
1102 1374 1137 1425 ut
1153 1386 1186 1424 eo
1199 1366 1299 1445 depre-

202 1474 296 1527 catore
310 1485 327 1524 a
339 1465 479 1543 Sequanis
490 1451 688 1542 impetrarent.
730 1463 893 1522 Dumnorix
906 1463 1000 1541 gratia
1013 1470 1042 1523 et
1054 1462 1206 1542 largitione
1219 1464 1298 1542 apud

204 1564 349 1642 Sequanos
370 1564 527 1642 plurimum
550 1570 662 1641 poterat
683 1571 713 1622 et
738 1562 878 1622 Helvetiis
900 1569 960 1622 erat
981 1563 1099 1631 micea
1114 1563 1191 1640 quod
1210 1583 1248 1622 ex
1265 1583 1299 1622 ea

203 1663 322 1721 civitate
346 1661 520 1739 Orgetorigis
543 1661 633 1719 filiam
654 1661 684 1718 in
708 1660 922 1719 matrimonium
940 1659 1071 1733 duxerat,
1091 1667 1121 1718 et
1138 1660 1298 1738 cupiditate

203 1760 285 1837 regni
298 1760 439 1818 adductus
452 1758 533 1817 noris
554 1757 637 1817 rebus
657 1758 792 1817 studebat
811 1765 839 1816 et
853 1777 940 1835 quam
953 1758 1091 1836 plurimas
1104 1758 1233 1818 civitatee
1246 1778 1301 1817 suo

204 1858 259 1916 sibi
282 1857 417 1915 beneficio
438 1856 541 1915 habere
563 1856 714 1915 obstrictas
735 1854 855 1915 volebat.
897 1855 999 1933 Itaque
1018 1875 1078 1914 rem
1097 1856 1218 1936 suscipit
1236 1861 1297 1915 eta

205 1955 344 2032 Sequanis
358 1955 503 2032 impetrat,
516 1961 550 2013 ut
564 1952 697 2032 perfines
711 1973 776 2012 suos
790 1954 831 2011 ire
846 1952 993 2012 Helvetios
1003 1953 1159 2032 patiantur,
1173 1953 1296 2012 obsides-

204 2074 260 2131 que
281 2054 325 2111 uti
340 2053 416 2111 inter
430 2071 487 2110 sese
500 2052 577 2124 dent,
588 2050 718 2132 perficit:
739 2049 872 2128 Sequani,
883 2068 919 2108 ne
928 2049 1031 2110 itinere
1040 2050 1187 2110 Helvetios
1199 2050 1298 2130 prohi-

203 2153 311 2222 beant,
333 2149 472 2220 Helvetii,
487 2155 521 2207 ut
534 2151 596 2208 sine
609 2147 748 2207 maleficio
761 2157 790 2206 et
803 2146 911 2224 injuria
924 2155 1078 2208 transeant.

244 2247 282 2307 X.
315 2247 419 2306 Caesari
448 2247 639 2319 renuntiatur,
669 2246 810 2306 Helvetiis
836 2265 895 2305 esse
921 2246 952 2304 in
983 2246 1087 2318 animo,
1116 2266 1168 2325 per
1195 2265 1297 2325 agrum

206 2347 404 2424 Sequanorum
425 2353 453 2404 et
475 2345 635 2404 AEduorum
654 2344 711 2402 iter
730 2344 762 2402 in
783 2344 942 2404 Santonum
962 2343 1032 2403 fines
1051 2345 1148 2418 facere,
1167 2345 1218 2422 qui
1238 2363 1298 2403 non

203 2445 287 2521 longe
301 2463 318 2501 a
332 2443 509 2502 Tolosatium
523 2442 629 2501 finibus
646 2441 758 2514 absunt,
772 2462 836 2519 quae
850 2441 951 2501 civitas
965 2458 1007 2500 est
1020 2442 1051 2500 in
1065 2443 1220 2521 provincia.
1260 2440 1298 2500 Id

203 2542 228 2599 si
248 2541 335 2612 fieret,
356 2540 545 2617 intelligebat,
568 2560 671 2617 magno
696 2560 762 2598 oum
784 2540 909 2617 periculo
929 2539 1081 2617 provincias
1101 2540 1246 2613 futurum,
1262 2546 1298 2598 nt

203 2638 333 2697 homines
347 2638 503 2708 bellicosos,
518 2638 617 2715 populi
638 2635 761 2696 Romani
783 2637 922 2709 inimicos,
936 2636 1005 2695 locis
1022 2636 1187 2716 patentibus
1206 2635 1300 2695 maxi·

202 2755 304 2811 meque
317 2735 511 2793 frumentariis
531 2734 667 2792 finitimos
687 2734 813 2793 haberet.
853 2732 897 2793 Ob
911 2754 956 2793 eas
969 2754 1079 2793 caumas
1093 2735 1118 2793 ei
1133 2733 1299 2806 munitioni,

201 2852 290 2911 quam
301 2832 411 2902 fecerat,
425 2831 458 2888 Τ.
467 2830 625 2890 Labienum
636 2832 762 2909 legatum
773 2832 900 2909 prefecit
914 2852 921 2890 ε
942 2832 1002 2910 ipse
1015 2832 1047 2890 in
1059 2831 1175 2892 Italiam
1185 2831 1297 2910 magnis

204 2929 357 2988 itineribus
381 2926 538 2998 contendit,
563 2927 689 3004 duasque
710 2928 751 2985 ibi
772 2928 896 3006 legiones
920 2928 1074 2988 conscribit
1096 2935 1125 2987 et
1147 2936 1211 3001 tres,
1229 2948 1297 3005 quaa

204 3026 313 3085 circum
328 3025 492 3102 Aquileiam
506 3024 679 3095 hiemabant,
693 3044 729 3082 ex
750 3025 877 3083 hibernis
896 3025 993 3084 educit
1012 3033 1049 3097 et,
1063 3046 1120 3104 qua
1133 3026 1300 3104 proximum

202 3124 259 3184 iter
271 3123 303 3181 in
317 3123 480 3182 ulteriorem
501 3122 625 3181 Galliam
649 3142 699 3200 per
719 3122 807 3201 Alpes
828 3130 896 3194 erat,
911 3144 976 3182 oum
997 3123 1043 3182 his
1063 3125 1190 3201 quinque
1210 3124 1297 3201 legio·

204 3221 289 3279 nibus
304 3221 346 3279 ire
360 3219 518 3279 contendit.
561 3219 607 3277 Ibi
630 3219 784 3278 Oentrones
804 3228 834 3279 et
854 3221 995 3281 Graioceli
1014 3228 1043 3280 et
1057 3221 1214 3300 Caturiges,
1227 3222 1298 3280 locis

203 3318 395 3396 superioribus
409 3316 563 3394 occupatis,
578 3316 681 3375 itinere
694 3318 851 3376 exercitum
865 3318 1013 3396 prohibere
1028 3327 1174 3378 conantur.
1216 3317 1299 3378 Oom-

204 3416 334 3494 pluribus
355 3414 401 3473 his
422 3414 531 3492 praeliis
552 3414 649 3491 pulsis,
663 3414 699 3472 ab
720 3414 812 3488 Ocelo,
827 3415 903 3494 quod
921 3423 965 3474 est
984 3416 1123 3474 citerioris
1142 3416 1297 3495 provinciae

204 3521 374 3585 extremum,
399 3512 430 3570 in
453 3511 524 3570 fines
548 3511 752 3571 Vocontiorum
772 3513 915 3571 ulterioris
938 3514 1093 3592 provinciae
1111 3514 1158 3572 die
1175 3513 1298 3592 septimo

205 3609 355 3689 pervenit:
376 3608 443 3666 inde
463 3608 494 3665 in
513 3607 699 3686 Allobrogum
720 3609 798 3681 fines,
812 3609 848 3668 ab
863 3610 1065 3689 Allobrogibus
1083 3611 1113 3669 in
1129 3610 1298 3688 Segusiauos

205 3709 364 3768 exercitum
379 3706 468 3765 ducit.
500 3706 541 3765 Hi
557 3721 624 3766 sunt
638 3715 721 3767 extra
734 3709 910 3786 provinciam
925 3715 1002 3768 trans
1017 3709 1189 3769 Rhodanum
1203 3710 1299 3787 primi.

246 3806 302 3865 XI.
326 3805 453 3864 Helvetii
464 3805 525 3882 jam
539 3825 590 3883 per
611 3805 757 3882 angustias
772 3813 801 3864 et
815 3808 883 3865 fines
898 3806 1093 3883 Sequanorum
1117 3828 1180 3866 suas
1203 3808 1299 3885 copias

205 3903 427 3978 transduxerant
451 3902 532 3961 etin
556 3902 716 3960 AEduorum
737 3903 806 3961 fines
830 3912 1017 3982 pervenerant
1040 3925 1194 3982 eorumque
1215 3924 1300 3983 agros

205 4002 426 4078 populabantur.
469 4000 568 4071 AEdui,
580 4020 670 4077 quum
685 4020 714 4059 se
727 4021 835 4079 suaque
849 4002 885 4061 ab
899 4003 934 4060 iis
949 4003 1098 4062 defendere
1108 4023 1166 4061 non
1176 4011 1301 4080 possent,

202 4097 310 4175 legatos
318 4097 353 4155 ad
365 4097 501 4156 Gaesarem
512 4097 633 4155 mittunt
644 4105 774 4176 rogatum
785 4100 929 4158 auxilium
942 4121 949 4159 ε
964 4101 1032 4159 “ita
1042 4121 1070 4159 sc
1081 4100 1159 4159 omni
1171 4111 1298 4179 tempore

204 4193 239 4252 de
253 4195 359 4272 populo
373 4194 500 4253 Romano
511 4194 626 4252 meritos
637 4214 702 4268 esse,
712 4207 746 4254 ut
756 4217 836 4275 paene
850 4198 882 4255 in
893 4205 1044 4275 conspectu
1056 4199 1199 4257 exercitus
1209 4198 1299 4257 nostri

204 4291 266 4368 agri
281 4292 393 4361 vastari,
404 4291 488 4349 libari
502 4310 598 4348 eorum
612 4291 643 4349 in
654 4293 819 4352 servitutem
831 4293 944 4362 abduci,
955 4295 1060 4373 oppida
1070 4295 1229 4373 expugnari
1240 4314 1299 4354 non

203 4388 379 4447 debuerint.”
420 4387 527 4446 Eodem
549 4395 675 4466 tempore
699 4389 844 4459 Ambarri,
868 4393 1016 4450 necessarii
1042 4401 1071 4451 et
1093 4392 1298 4471 consanguinei

204 4485 376 4550 AEduorum
392 4484 530 4543 Caesarem
552 4487 698 4545 certiorem
719 4487 838 4559 faciant,
854 4506 921 4558 scae,
941 4488 1120 4567 depopulatis
1141 4491 1226 4568 agris,
1241 4509 1299 4548 non

201 4583 284 4642 facile
298 4582 333 4641 ab
348 4581 462 4660 oppidis
478 4582 537 4640 vim
551 4583 675 4643 hostium
689 4583 857 4663 prohibere:
878 4586 948 4645 item
963 4586 1137 4665 Allobroges,
1151 4587 1203 4664 qui
1218 4595 1298 4646 trans

202 4679 374 4739 Rhodanum
402 4679 478 4738 vicos
504 4682 744 4759 possessionesque
770 4681 923 4756 habebant,
947 4683 1015 4762 fuga
1042 4704 1071 4743 se
1097 4685 1133 4743 ad
1157 4684 1296 4745 Caesarem
