2886 5378
168 804 217 850 xx
441 797 518 852 THE
539 797 720 852 Genusus
747 796 795 852 01³
818 798 983 855 uacuus.

172 957 490 1024 locorum.”-Helm.
505 959 546 1023 iv.
581 961 634 1025 36.
680 958 760 1022 “De
784 959 926 1025 omnibus
953 982 1073 1044 quoque
1096 957 1261 1044 provinciis

173 1059 336 1125 Slavorum
364 1060 426 1123 illio
449 1082 595 1144 responsa
612 1067 761 1145 petuntur
782 1069 814 1124 et
835 1058 1052 1124 sacrificiorum
1074 1059 1261 1125 exhibentur

173 1181 282 1224 annua
315 1160 562 1225 solutiones-o.
580 1162 610 1225 6.
656 1158 800 1223 “Etiam
824 1169 931 1225 nostra
953 1160 1055 1225 adbuc
1081 1168 1175 1225 atate
1198 1181 1261 1223 non

173 1261 272 1325 solum
287 1260 481 1347 Wagirensis
496 1268 588 1338 terra,
604 1259 658 1324 sed
672 1268 704 1324 et
715 1283 821 1324 omnes
832 1260 995 1326 Slavorum
1007 1261 1170 1347 provinciae
1187 1259 1260 1324 illuc

174 1361 295 1425 tributa
321 1362 481 1426 annuatim
512 1361 776 1436 transmittebant,
807 1361 894 1425 illum
925 1361 1125 1443 (Zuantevit)
1156 1360 1261 1425 Deum

177 1460 315 1527 Deorum
331 1484 396 1527 esse
413 1459 716 1546 profitentes.''-Id.
733 1461 765 1524 ii.
780 1464 832 1525 42.

220 1561 284 1626 For
301 1563 354 1626 tbe
370 1562 478 1626 Slaves
492 1561 529 1624 of
548 1562 601 1626 the
616 1562 776 1626 continent
790 1564 844 1626 the
863 1561 1021 1648 following
1037 1568 1175 1626 extracta
1190 1562 1263 1646 give

176 1685 213 1727 us
228 1662 282 1726 the
300 1652 468 1747 occupants
490 1661 527 1725 of
543 1662 597 1725 the
618 1661 729 1726 Lower
750 1662 918 1739 Oder‚—“
930 1663 1058 1727 Oddora
1079 1683 1208 1747 vergens
1230 1662 1262 1725 in

175 1763 301 1826 boream
319 1786 373 1848 per
388 1762 505 1827 medios
517 1762 717 1826 Winulorum
732 1764 844 1827 transit
858 1762 1167 1848 populos.''-Adam
1184 1760 1264 1826 Bre-

91 1863 94 1869 ’
175 1885 271 1927 mens.
297 1861 383 1927 Hist.
410 1863 495 1926 Eccl.
523 1885 550 1927 o.
575 1864 627 1928 66.
678 1862 806 1928 “Ultra
822 1862 975 1942 Leutioos,
998 1865 1049 1948 qui
1064 1863 1124 1927 alio
1141 1862 1265 1926 nomine

177 1963 275 2026 Wilzi
290 1963 444 2045 dicuntur,
458 1962 586 2027 Oddora
598 1960 712 2026 flumen
724 1963 1013 2028 occurrit.”—lbid.
1052 1964 1157 2029 “Gum
1170 1963 1261 2027 multi

175 2073 248 2128 sunt
284 2063 484 2127 Winulorum
519 2063 624 2148 populi
652 2063 834 2127 fortitudine
866 2063 1009 2142 celebres,
1042 2065 1097 2129 soli
1127 2074 1262 2148 quatuor

176 2171 259 2241 sunt,
282 2165 333 2247 qui
351 2163 391 2227 ab
408 2164 469 2227 illis
490 2163 595 2240 thzt,
616 2186 635 2227 a
655 2165 743 2228 nobis
761 2186 834 2228 vero
854 2163 985 2228 Leutieii
1007 2165 1160 2242 dicuntur,
1181 2164 1262 2228 iuter

173 2287 252 2348 quos
268 2264 306 2327 de
321 2264 484 2329 nobilitate
509 2264 708 2348 potentiaque
730 2264 937 2329 contenditur.
991 2264 1037 2329 Hi
1058 2273 1130 2330 sunt
1144 2265 1261 2329 scilieet

178 2364 318 2429 Ohizzini
349 2373 381 2429 et
413 2365 585 2451 dissipasti,
615 2365 667 2448 qui
697 2364 842 2429 habitant
873 2365 952 2430 citra
981 2365 1093 2430 Panim
1122 2363 1260 2442 fluvium,

176 2463 380 2530 Thosolantes
391 2475 423 2529 et
435 2465 574 2542 Rheteri,
586 2465 637 2548 qui
649 2465 731 2529 ultra
740 2465 853 2529 Panim
864 2465 1138 2551 degunt.''—Ibid.
1152 2489 1178 2529 c.
1189 2469 1260 2529 140.

219 2563 257 2627 ln
282 2566 334 2629 the
359 2565 518 2651 following
540 2574 663 2630 extract
686 2566 764 2629 from
798 2565 993 2645 Helmoldus,
1018 2566 1107 2630 mark
1130 2566 1183 2630 the
1213 2588 1262 2630 su-

175 2663 324 2748 perlative
340 2666 718 2750 antiquissimam-“De
739 2666 921 2732 fortitudine
943 2678 974 2731 et
997 2668 1136 2751 potentia
1159 2666 1263 2730 valida

175 2772 245 2827 orta
266 2774 314 2829 est
337 2767 504 2828 contentio.
551 2765 712 2848 Siquidem
733 2765 874 2830 Biaduri
891 2766 955 2830 sive
978 2767 1119 2831 Tloleazi
1135 2775 1262 2852 propter

175 2864 422 2948 antiquissimam
443 2864 551 2929 urbem
581 2875 613 2927 et
639 2864 870 2928 celeberrimum
895 2865 971 2929 illud
998 2866 1115 2939 fanum,
1140 2867 1171 2929 in
1200 2891 1261 2950 quo

175 2963 373 3029 simulacrum
405 2963 560 3049 Radigast
586 2962 770 3042 ostenditur,
802 2986 929 3049 regnare
959 2965 1115 3042 volebant,
1147 2965 1262 3029 adseri·

176 3064 285 3129 bentes
300 3064 357 3128 sibi
369 3065 555 3150 singularem
568 3063 738 3128 nobilitatis
753 3063 908 3137 honorem,
923 3088 959 3128 co
973 3065 1054 3149 quod
1068 3065 1108 3129 ab
1120 3066 1263 3130 omnibus

176 3165 297 3250 populis
314 3164 477 3229 Slavorum
492 3164 770 3246 frequentarentur,
792 3173 917 3249 propter
937 3187 1083 3250 responsa
1097 3174 1129 3229 et
1143 3188 1263 3230 annuas

176 3262 394 3330 sacrificiorum
420 3264 633 3350 impensiones.
700 3264 798 3328 Porro
832 3265 995 3351 Oircsponi
1025 3275 1119 3350 atque
1142 3267 1263 3350 Kycini

175 3366 290 3430 servire
315 3365 543 3439 detrectabant,
571 3364 634 3428 imo
662 3363 836 3429 libertatem
862 3388 950 3430 suam
977 3366 1071 3431 armis
1099 3366 1264 3432 defendere

177 3464 537 3532 statuerunt.”—Helm.
553 3466 594 3530 iv.
615 3468 668 3529 21.

231 3567 320 3631 More
352 3567 557 3652 satisfactory,
590 3566 743 3643 however,
776 3565 853 3631 than
886 3565 941 3630 the
971 3568 1199 3632 accumulation
1233 3568 1270 3632 of

179 3666 310 3732 isolated
322 3689 465 3753 passages
477 3666 502 3730 is
515 3667 568 3730 the
584 3666 741 3751 following
750 3665 874 3751 general
885 3666 1158 3754 vienn—“Populi
1171 3668 1265 3752 igitur

181 3766 345 3832 Slavorum
368 3775 441 3832 sunt
468 3766 568 3843 multi,
598 3788 728 3849 quorum
753 3766 845 3849 primi
876 3767 916 3831 ab
944 3767 1102 3832 occidente
1131 3766 1265 3833 confines

183 3867 413 3932 Transalbianis
427 3874 499 3932 sunt
521 3867 645 3952 Woipri
665 3866 723 3952 (al.
754 3867 877 3952 Vapru'),
899 3889 1004 3931 eorum
1020 3869 1129 3933 civitas
1144 3867 1265 3932 Alden·

182 3968 262 4055 burg
276 3969 442 4033 maritima.
487 3966 609 4031 Deinde
619 3974 789 4050 sequuntur
804 3966 953 4045 Obodriti,
966 3968 1019 4052 qui
1032 3968 1129 4032 altero
1141 3968 1263 4032 nomine

181 4070 292 4155 Rcregi
305 4079 465 4146 vocantur,
487 4076 518 4131 et
541 4067 651 4133 civitas
670 4089 775 4132 eorum
801 4067 1007 4153 Magnopolis.
1060 4067 1142 4133 Item
1160 4091 1266 4133 versus

180 4191 238 4233 nos
262 4169 437 4255 Podrdiupi,
456 4192 586 4252 quorum
610 4168 720 4232 civitas
739 4166 921 4253 Racisburg.
973 4166 1068 4233 Ultra
1091 4191 1167 4252 quos
1187 4169 1265 4233 Lin-

178 4292 268 4357 9oucs
286 4269 452 4356 [linones]
470 4279 542 4333 sunt
559 4277 590 4332 et
610 4268 773 4332 Warooli·
821 4267 901 4332 Mox
917 4267 1062 4333 habitant
1079 4269 1218 4333 Olizrini
1233 4277 1266 4334 et

182 4371 355 4457 Circeponi,
388 4392 463 4453 quos
492 4391 512 4432 a
543 4367 770 4432 Ptolosantibus
795 4376 827 4431 et
854 4367 999 4432 uacare
1027 4366 1138 4433 liunus
1170 4367 1267 4434 Panis

178 4479 312 4556 separat,
329 4479 361 4534 et
377 4470 486 4533 civitas
499 4468 635 4531 Dimine.
680 4467 729 4531 Ibi
743 4475 790 4532 est
805 4468 955 4532 terminus
970 4468 1268 4554 Hammaburgensis

179 4572 344 4657 parochia.
395 4569 475 4634 Sunt
502 4576 534 4632 et
555 4567 608 4632 alii
632 4567 793 4632 Slavorum
816 4568 930 4652 populi,
954 4569 1005 4651 qui
1031 4569 1114 4633 inter
1136 4569 1265 4634 Albium

178 4681 211 4736 et
235 4671 393 4736 Odderam
416 4668 544 4754 degrmt,
565 4668 647 4732 siout
667 4667 806 4746 Hausisti,
825 4669 877 4751 qui
890 4665 987 4753 juxta
1005 4668 1163 4735 Haliolam
1180 4667 1266 4755 [Ha-

177 4770 295 4856 bolam]
325 4769 461 4844 fluvium,
485 4779 517 4834 et
545 4769 680 4845 Decani,
709 4767 869 4845 Liubuzri,
907 4769 1020 4835 Wilina'
1042 4779 1074 4835 et
1101 4769 1267 4835 Stodsraoi
