2886 5378
169 781 245 850 lxiv
457 799 535 853 nnn
557 799 739 855 onnusur
762 798 810 854 on
833 799 999 856 aucuns.

169 961 445 1046 perturbabantur.
501 960 561 1043 Qui
593 985 626 1026 se
656 985 696 1026 ex
725 961 775 1027 bis
813 963 918 1027 minus
941 962 1070 1028 timidos
1098 963 1272 1030 existimari

168 1062 327 1138 volebant,
360 1086 423 1126 uon
452 1084 485 1128 se
517 1063 641 1127 hostem
667 1062 777 1139 vereri,
813 1063 868 1127 sed
898 1065 1060 1149 angustias
1090 1065 1212 1131 itineris
1239 1074 1272 1132 et

59 1167 64 1176 '
168 1163 419 1249 magnitudinem
447 1164 607 1237 silvarum,
624 1186 692 1247 quae
716 1163 946 1229 intercederent
972 1163 1055 1229 inter
1076 1165 1160 1251 ipsos
1175 1170 1271 1250 dtque

171 1263 377 1342 Ariovistum,
399 1272 455 1329 aut
471 1287 535 1329 rem
550 1264 796 1338 frumentariam,
810 1272 847 1329 ut
865 1264 942 1331 satis
956 1266 1119 1330 commode
1140 1289 1272 1353 suppor-

170 1365 231 1429 tari
256 1374 370 1450 posset,
386 1364 499 1430 timere
523 1364 680 1430 dicebant.
727 1364 876 1429 Nonnulli
903 1367 999 1431 etiam
1015 1366 1130 1432 Oaesari
1158 1390 1271 1433 renun-

170 1465 307 1544 ciabant,
325 1490 420 1550 quum
438 1473 542 1531 castra
557 1465 676 1530 moveri
690 1488 728 1530 ac
744 1465 834 1552 signa
854 1465 928 1531 ferri
939 1464 1095 1553 jussisset,
1116 1489 1179 1532 non
1205 1469 1272 1534 fore

170 1565 257 1631 dicto
272 1567 435 1633 audientes
449 1567 575 1642 milites,
598 1589 698 1651 neque
716 1576 842 1652 propter
857 1566 1002 1632 timorem
1019 1568 1108 1653 signa
1125 1568 1255 1634 laturos.

227 1668 303 1735 XL.
339 1667 420 1732 Haec
457 1691 552 1753 quum
595 1667 880 1746 animadvertisset,
919 1677 1091 1732 convocato
1130 1670 1269 1747 consilio,

170 1769 371 1853 omniumque
397 1768 541 1833 ordinum
563 1767 605 1832 ad
630 1768 663 1832 id
678 1768 839 1833 consilium
862 1768 1012 1834 adhibitis
1026 1769 1270 1848 centurionibus,

173 1870 372 1934 vehementer
401 1892 453 1934 eos
488 1851 666 1934 incusavit:
705 1868 870 1953 ‘primum,
905 1869 998 1953 quod,
1029 1878 1085 1933 aut
1115 1892 1208 1954 quam
1233 1871 1270 1935 'in

172 1985 303 2054 partem,
329 1978 386 2035 aut
410 1993 472 2055 quo
496 1968 625 2034 concilio
651 1968 848 2044 ducerentur,
889 1969 947 2034 sibi
983 1970 1183 2053 quaerendum
1214 1981 1271 2036 aut

172 2070 373 2157 cogitandum
397 2078 556 2156 putarent.
608 2069 815 2146 Ariovistum,
847 2092 879 2134 se
909 2070 1043 2144 consule,
1070 2071 1269 2155 cupidissime

172 2173 277 2258 populi
304 2171 440 2236 Romani
455 2171 627 2236 amicitiam
654 2169 831 2255 adpetisse;
864 2193 919 2234 cur
944 2170 1026 2235 bunc
1055 2178 1122 2236 tam
1152 2179 1269 2237 temere

171 2273 333 2358 quisquam
348 2273 389 2337 ab
404 2271 503 2337 officio
519 2272 724 2337 discessurum
745 2269 945 2363 judicaretf·
970 2271 1037 2336 Sibi
1053 2272 1177 2355 quidem
1200 2296 1268 2358 per·

172 2374 305 2452 suaderi,
328 2373 460 2459 cognitis
485 2372 549 2438 suis
571 2372 737 2458 postulatis
763 2381 857 2456 atque
882 2373 1030 2456 aequitate
1056 2372 1268 2438 conditionum

172 2483 344 2560 perspecta,
373 2496 444 2538 eum
468 2496 568 2559 neque
593 2495 692 2552 suam,
715 2496 815 2557 neque
843 2474 949 2558 populi
976 2472 1110 2539 Romani
1133 2474 1267 2560 gratiam

172 2575 420 2660 repudiaturum.
450 2575 543 2656 Quod
559 2573 584 2640 si
601 2575 705 2640 furore
720 2581 814 2657 atque
829 2573 968 2638 amentia
988 2574 1139 2659 impulsus
1154 2575 1268 2640 bellurn

172 2674 338 2750 intulisset,
355 2674 429 2758 qnid
451 2674 581 2739 tandem
607 2677 812 2739 vererentur?
835 2682 890 2739 aut
917 2697 972 2739 cur
998 2674 1037 2739 de
1066 2698 1124 2741 sua
1139 2676 1268 2751 virtute,

172 2783 228 2839 aut
251 2774 290 2839 de
316 2775 411 2860 ipsius
435 2775 599 2861 diligentia
624 2774 850 2859 desperarent?
909 2773 1044 2839 Factum
1079 2773 1145 2860 ejus
1170 2776 1270 2841 hostis

170 2873 343 2959 periculum
379 2882 504 2958 patrum
536 2881 712 2938 nostrorum
738 2874 897 2951 memoria,
926 2896 1032 2958 quum,
1063 2873 1198 2940 Cimbris
1234 2885 1267 2941 et

173 2975 325 3039 Teutonis
351 2997 371 3038 a
388 2973 423 3040 O.
442 2974 546 3038 Mario
570 2974 675 3060 pulsis,
695 2996 756 3037 non
783 2974 933 3037 minorem
959 2973 1084 3039 laudem
1102 2976 1268 3053 exercitus,

172 3097 265 3161 qnam
281 3073 347 3159 ipse
360 3075 539 3160 imperator,
556 3073 687 3138 meritus
703 3072 886 3137 videbatur:
911 3072 1030 3138 factum
1053 3075 1148 3140 etiam
1170 3097 1271 3160 nuper

173 3175 203 3239 in
222 3175 316 3240 ltalia
337 3175 440 3239 servili
456 3173 605 3248 tumultu,
621 3196 697 3257 qnos
711 3180 818 3237 tamen
833 3172 949 3257 aliquid
966 3196 1040 3258 usus
1053 3197 1091 3239 ac
1106 3174 1270 3261 disciplina

172 3298 267 3361 quam
295 3298 315 3340 a
342 3275 431 3340 nobis
461 3273 661 3358 accepissent,
694 3273 904 3339 sublevarent.
964 3274 1017 3339 Ex
1046 3298 1108 3360 qno
1132 3274 1268 3362 judicari

51 3393 55 3400 ·
172 3383 287 3461 posset,
313 3389 464 3461 qnantum
492 3375 621 3439 haberet
646 3375 736 3439 inse
764 3373 836 3439 boni
865 3375 1066 3449 constantia;
1104 3384 1270 3462 propterea

173 3476 265 3561 quod,
283 3501 359 3561 quos
388 3475 579 3560 aliquamdiu
609 3474 744 3540 inermos
771 3473 838 3540 sine
867 3497 976 3541 caussa
1000 3475 1185 3555 timuissent,
1213 3479 1270 3542 hos

174 3586 284 3662 postea
308 3585 445 3641 armatos
471 3598 508 3640 ac
537 3577 671 3640 victores
693 3584 900 3660 superassent.
945 3576 1089 3662 Denique
1117 3578 1174 3643 bos
1203 3600 1270 3643 esse

173 3677 307 3755 eosdem,
324 3677 506 3762 quibuscum
520 3699 729 3761 saepenumsro
747 3675 887 3740 Helvetii
903 3679 1067 3763 congressi,
1084 3700 1145 3742 non
1168 3678 1269 3743 solnm

174 3776 206 3842 in
221 3778 294 3856 suis,
311 3777 475 3843 sedetiam
490 3778 521 3842 in
538 3777 661 3842 illorum
677 3774 798 3850 finibus,
815 3776 994 3862 plerumque
1017 3777 1201 3863 superarint,
1216 3778 1269 3862 qni

174 3886 279 3942 tamen
306 3901 396 3964 pares
421 3900 487 3942 esse
512 3890 619 3943 nostro
646 3876 795 3941 exercitui
823 3899 885 3941 non
913 3878 1082 3964 potuerint.
1133 3877 1167 3942 Si
1193 3901 1270 3962 quos

172 3979 337 4044 adversum
364 3978 504 4064 proelium
534 3985 565 4042 et
588 3977 663 4063 fuga
700 3977 861 4041 Gallorum
892 3986 1112 4053 commoveret,
1144 3979 1210 4055 hos,
1243 3979 1269 4043 si

173 4088 356 4164 quaterent,
372 4079 505 4163 reperire
527 4100 628 4164 posse,
645 4077 851 4142 diuturnitate
866 4078 939 4143 belli
964 4077 1144 4164 defatigatis
1160 4079 1268 4158 Gallis,

174 4179 381 4257 Ariovistum,
410 4201 504 4262 quum
538 4178 654 4243 multos
682 4199 803 4243 menses
831 4179 942 4243 castris
973 4200 1006 4244 se
1033 4202 1070 4243 ao
1103 4179 1270 4265 paludibus

173 4280 335 4356 tenuisset,
352 4302 451 4364 neque
478 4279 525 4344 sui
540 4285 729 4365 potestatem
754 4278 887 4353 fecisset,
912 4279 1111 4364 desperantes
1132 4277 1201 4367 jam
1229 4280 1269 4344 de

175 4403 281 4466 pugna
302 4387 334 4444 et
352 4380 506 4464 dispersos
522 4378 626 4444 subito
640 4377 796 4453 adortum,
813 4379 913 4464 magis
937 4380 1057 4444 ratione
1073 4387 1105 4445 et
1129 4380 1267 4458 consilio,

175 4503 268 4564 quam
294 4479 420 4556 virtute,
438 4479 556 4544 vicisse.
601 4478 660 4544 Oui
687 4478 799 4542 rationi
822 4486 930 4543 contra
956 4479 1097 4545 homines
1122 4481 1270 4546 barbams
1377 4520 1384 4545 -,

175 4589 269 4665 atque
295 4579 456 4666 imperitos
480 4578 566 4644 locus
591 4578 710 4654 fuisset,
726 4579 784 4642 bac
813 4602 853 4642 ne
879 4579 981 4665 ipsum
996 4580 1122 4664 quidem
1145 4605 1270 4667 sperare

176 4692 297 4747 nostros
322 4680 478 4745 exercitus
492 4679 561 4765 capi
586 4701 684 4763 posse.
730 4678 897 4760 Quisnam
919 4680 1064 4745 timorem
1087 4681 1119 4746 in
1143 4682 1188 4746 rei
1204 4682 1269 4747 fru-

176 4780 335 4847 mentariae
374 4781 604 4847 simulationem
641 4780 861 4866 angustiasque
897 4780 1044 4847 itinerum
1081 4781 1266 4857 conferrent,
