2886 5378
551 838 846 896 raonaoonuua.
1131 825 1244 898 lxxvii

149 1012 240 1082 teret,
280 1028 392 1089 eosque
431 1027 536 1090 pugna
572 1004 771 1090 prohiberet;
810 1003 929 1087 sibique
967 1005 1016 1070 uti
1057 1012 1245 1091 potestatem

149 1105 279 1182 faceret,
307 1106 339 1169 iu
367 1105 469 1171 Ubios
493 1107 613 1190 legatos
637 1103 803 1169 mittendi:
827 1127 957 1188 quorum
982 1106 1008 1170 si
1033 1106 1186 1192 principes
1208 1129 1245 1171 ac

149 1214 275 1271 senatus
298 1206 356 1271 sibi
377 1203 581 1291 jurejurando
607 1203 700 1269 fidem
725 1204 880 1282 fecissent,
907 1228 944 1269 ea
966 1207 1152 1285 conditione,
1177 1230 1244 1291 quae

151 1330 171 1371 a
195 1305 316 1372 Caesare
342 1306 484 1385 ferretur,
508 1328 541 1370 se
563 1328 672 1371 usuros
694 1305 922 1370 ostendebant:
950 1307 992 1371 ad
1013 1307 1070 1372 has
1096 1331 1145 1373 res
1171 1330 1244 1372 cou-

152 1403 300 1471 ficiendas
314 1406 373 1472 sibi
388 1407 484 1471 tridui
500 1406 635 1491 spatium
651 1405 751 1470 daret.
798 1404 877 1470 Haec
895 1407 999 1471 omnia
1016 1406 1120 1473 Caesar
1135 1408 1244 1472 eodem

152 1506 206 1572 illo
221 1507 375 1592 pertinere
390 1507 611 1583 arbitrabatur,
633 1515 678 1582 ut,
701 1505 797 1570 tridui
812 1529 899 1570 mora
915 1507 1111 1593 interposita,
1127 1510 1246 1593 equites

111 1621 115 1628 '
154 1630 271 1682 eorum,
298 1608 350 1692 qui
375 1607 528 1684 abessent,
551 1613 796 1672 reverterentur:
825 1615 930 1671 tamen
954 1630 1019 1673 sese
1042 1631 1103 1673 uon
1124 1609 1246 1695 longius

153 1708 290 1773 millibus
317 1730 464 1793 passuum
486 1714 620 1791 quatuor
641 1707 816 1791 aquationis
838 1730 946 1772 caussa
971 1731 1185 1794 processurum
1208 1733 1245 1774 eo

155 1808 205 1872 die
223 1808 324 1873 dixit:
352 1807 413 1872 huc
432 1815 556 1893 postero
577 1807 627 1872 die
649 1830 742 1890 quam
767 1807 1006 1891 frequentissimi
1032 1811 1244 1887 convenirent,

153 1917 189 1972 ut
215 1908 253 1972 de
279 1931 386 1973 eorum
410 1907 576 1993 postulatis
596 1916 805 1993 cognosceret.
851 1908 983 1974 Interim
1006 1909 1045 1973 ad
1071 1912 1244 1996 praefectos,

155 2008 207 2094 qui
229 2031 301 2074 cum
327 2008 411 2074 omni
431 2008 571 2093 equitatu
590 2015 829 2085 antecesserant,
852 2009 961 2088 mittit,
981 2011 1032 2093 qui
1052 2012 1244 2089 nunciarent,

154 2131 193 2174 ue
222 2110 327 2175 hostes
352 2109 458 2194 proelio
479 2109 665 2173 lacesserent
688 2116 731 2184 et,
758 2108 783 2174 si
806 2108 864 2194 ipsi
887 2110 1119 2189 lacesserentur,
1152 2113 1246 2176 susti-

155 2219 274 2284 nerent,
290 2209 394 2294 quoad
412 2209 476 2294 ipse
491 2232 561 2273 cum
579 2209 718 2273 exercitu
734 2209 860 2294 propius
875 2211 1063 2275 accessisset.

199 2310 285 2375 XII.
311 2310 360 2375 At
391 2309 507 2385 hostes,
530 2309 584 2374 ubi
615 2310 749 2395 primum
781 2317 903 2375 nostros
933 2310 1052 2393 equites
1078 2333 1244 2397 conspexe-

156 2419 241 2487 runt,
264 2433 394 2495 quorum
416 2418 484 2474 erat
506 2409 640 2494 quinque
662 2409 793 2473 millium
815 2432 971 2487 numerus,
994 2432 1088 2494 quum
1106 2412 1164 2497 ipsi
1184 2435 1246 2477 uon

157 2510 292 2595 amplius
321 2534 403 2576 noco.
430 2510 549 2594 equites
583 2510 746 2585 haberent,
777 2509 859 2592 quod
891 2510 921 2589 ii,
953 2512 1005 2594 qui
1033 2510 1245 2578 frumentandi

158 2633 270 2675 caussa
293 2609 391 2676 ierant
415 2619 503 2676 trans
528 2611 662 2686 Mosam,
686 2609 824 2673 nondum
847 2610 1012 2689 redierant,
1036 2613 1114 2676 nihil
1135 2613 1246 2678 timen-

158 2712 244 2776 tibus
260 2711 381 2789 nostris,
399 2711 481 2795 quod
496 2711 589 2796 legati
606 2733 712 2775 eorum
729 2711 833 2795 paullo
856 2719 930 2774 ante
949 2734 969 2775 a
991 2712 1111 2777 Caesare
1135 2714 1246 2779 disces·

159 2820 278 2888 serant,
293 2819 386 2896 atque
401 2813 428 2876 is
443 2812 509 2876 dies
524 2811 655 2875 induciis
677 2818 745 2875 erat
760 2812 800 2875 ab
818 2811 862 2875 eis
879 2812 1005 2896 petitus,
1019 2813 1138 2898 impetu
1153 2815 1247 2892 facto,

158 2912 300 2977 celeriter
314 2920 434 2976 nostros
449 2912 718 2997 perturbaverunt.
764 2911 883 2977 Rursus
894 2914 1108 2980 resistentibus
1122 2915 1247 2991 nostris,
1273 2956 1275 2961 .

158 3012 381 3078 consuetudine
413 3035 469 3077 sua
495 3011 537 3076 ad
567 3011 661 3097 pedes
692 3010 892 3089 desiluerunt,
925 3014 1131 3098 subfossisque
1161 3017 1247 3100 equis

159 3113 428 3199 compluribusque
446 3112 558 3177 nostris
573 3111 713 3197 dejectis,
732 3113 866 3196 reliquos
880 3112 912 3175 in
927 3115 1034 3198 fugam
1051 3114 1248 3202 conjecerunt

158 3224 252 3299 atque
272 3213 319 3278 ita
342 3213 523 3298 perterritos
546 3220 685 3297 egerunt,
707 3220 822 3276 utnon
847 3213 932 3298 prius
953 3215 1028 3300 fuga
1054 3215 1246 3294 desisterent,

159 3337 252 3400 quam
275 3314 308 3378 in
328 3322 529 3399 conspectum
546 3313 679 3397 agminis
693 3312 791 3377 nostri
806 3313 971 3379 venissent.
1037 3315 1072 3378 In
1090 3340 1125 3381 eo
1143 3318 1249 3402 proelio

159 3438 199 3479 ex
221 3414 376 3499 equitibus
397 3413 511 3478 uostris
536 3411 765 3477 interficiuntur
785 3421 918 3496 quatuor
941 3423 973 3479 et
990 3416 1196 3501 septuaginta,
1217 3418 1248 3481 iu

159 3514 209 3581 his
225 3515 272 3580 vir
287 3514 484 3589 fortissimus,
503 3512 588 3590 Piso,
605 3513 791 3596 Aquitanus,
808 3514 997 3598 amplissimo
1018 3538 1130 3600 genere
1146 3525 1248 3596 natus,

159 3613 248 3702 cujus
277 3637 355 3680 avus
385 3613 417 3677 iu
443 3613 571 3678 civitate
601 3636 658 3679 sua
686 3636 815 3698 regnum
847 3614 1033 3692 obtinuerat,
1062 3617 1179 3682 amicus
1208 3618 1248 3682 ab

160 3724 270 3781 senatu
291 3722 398 3779 nostro
423 3714 607 3799 adpellatus.
676 3713 740 3777 Hic
771 3736 865 3798 quum
894 3714 984 3779 fratri
1015 3717 1181 3783 intercluso
1209 3720 1249 3783 ab

160 3816 302 3881 hostibus
317 3814 469 3879 auxilium
491 3815 594 3892 ferret,
612 3815 700 3878 illum
723 3836 762 3877 ex
782 3814 917 3900 periculo
934 3816 1064 3901 eripuit:
1089 3818 1153 3903 ipsa
1171 3842 1249 3902 equo

160 3917 321 3981 vulnerato
346 3912 495 4001 dejectus,
513 3915 614 3999 quoad
643 3913 757 3999 potuit,
774 3915 939 3979 fortissime
964 3916 1089 3984 rostitit.
1145 3920 1250 4000 Quum

161 4016 398 4092 circumventus,
424 4015 531 4080 multis
545 4015 723 4080 vulneribus
744 4014 888 4100 acceptis,
913 4016 1083 4095 cecidisset,
1102 4027 1196 4104 atqua
1218 4020 1251 4084 id

160 4117 267 4192 frater,
283 4116 335 4200 qui
350 4113 420 4202 jam
443 4115 549 4201 proelio
565 4125 751 4193 excesserat,
766 4115 873 4201 procul
896 4116 1034 4181 animum
1054 4118 1250 4199 advertisset,

161 4216 292 4282 incitato
308 4239 387 4300 equo
402 4239 435 4281 se
450 4215 591 4280 hostibus
604 4215 718 4280 obtulit
733 4223 828 4298 atqua
842 4215 1024 4282 interfectus
1038 4227 1097 4282 est.

212 4316 318 4381 XIII.
351 4315 423 4381 Hoc
444 4315 528 4380 facto
555 4315 671 4400 proelio,
703 4314 807 4380 Oaesar
838 4339 937 4400 neque
953 4314 1021 4402 jam
1048 4319 1107 4384 sibi
1129 4319 1250 4405 legatos

158 4417 343 4491 audiendos,
360 4439 459 4501 neque
481 4416 674 4481 conditiones
695 4416 890 4502 accipiendas
910 4417 1121 4483 arbitrabatur
1136 4421 1175 4484 ab
1192 4421 1251 4502 his,

159 4517 211 4602 qui
229 4541 285 4604 per
302 4517 408 4581 dolum
425 4524 519 4600 atque
533 4516 669 4595 insidias,
686 4516 786 4602 petita
800 4539 884 4602 pace,
900 4517 982 4582 ultro
1000 4518 1114 4584 bellum
1131 4521 1251 4589 intulis-

160 4626 250 4684 sent:
279 4626 461 4703 exspectare
476 4639 559 4694 vero,
576 4616 650 4680 dum
668 4617 804 4681 hostium
820 4617 915 4702 copiae
932 4626 1120 4704 augerentur
1135 4622 1252 4705 equita-

158 4726 270 4804 tusque
284 4725 500 4796 reverteretur,
513 4739 641 4783 summae
651 4716 815 4781 dementiae
828 4739 893 4783 esse
902 4715 1067 4803 judicabat
1078 4730 1119 4798 et,
1129 4723 1254 4807 cognita

159 4818 321 4887 Gallorum
338 4817 531 4898 infirmitate,
546 4826 697 4902 quantum
708 4815 776 4904 jam
791 4818 875 4905 apud
890 4842 943 4884 eos
966 4819 1071 4886 hostes
1092 4845 1153 4886 uno
1172 4845 1251 4907 proe·
