2886 5378
570 810 850 867 nernnoounun.
1169 796 1258 865 xxix

173 970 334 1036 victoriam
349 971 497 1057 capiunt;
513 973 565 1056 qui
580 995 726 1058 maguam
740 969 938 1058 postmodum
952 970 1043 1037 famis
1058 971 1218 1058 penuriam
1229 971 1263 1036 in

173 1071 282 1136 eadem
290 1072 439 1158 Scoringa
448 1072 605 1158 provincia
615 1073 855 1159 perpessi,valde
864 1072 968 1137 animo
978 1073 1167 1137 consternati
1177 1080 1260 1137 sunt.

218 1171 284 1236 XI.
308 1173 356 1236 De
378 1196 439 1257 qua
461 1173 663 1258 egredientes,
679 1174 753 1237 dum
778 1173 810 1237 in
827 1172 1026 1258 Mauringam
1044 1173 1174 1238 transire
1201 1173 1262 1238 dis-

174 1287 333 1356 ponerent,
348 1273 495 1359 Assipitti
509 1296 615 1337 eorum
630 1273 689 1337 iter
705 1273 888 1358 impediunt,
902 1273 1092 1359 denegantes
1107 1273 1151 1338 eis
1165 1273 1262 1337 omni·

173 1371 274 1437 modis
296 1396 350 1458 per
371 1396 442 1439 suos
458 1373 606 1438 terminos
622 1374 798 1439 transitum.
850 1373 948 1438 Porro
967 1373 1175 1459 Longobardi‚
1192 1395 1264 1439 cum

174 1494 302 1558 magnas
324 1474 459 1538 hostium
482 1473 586 1559 copias
608 1482 776 1552 cernerent,
800 1496 899 1559 neque
922 1496 993 1538 cum
1018 1473 1072 1552 eis,
1095 1474 1136 1539 ob
1158 1473 1263 1558 panci-

173 1579 271 1637 tatem
287 1573 449 1651 exercitus,
468 1573 613 1660 congredi
627 1574 788 1652 auderent,
806 1573 941 1658 dumque
958 1574 1032 1658 qnid
1054 1596 1145 1660 agere
1168 1573 1263 1640 debe-

173 1680 251 1749 rent,
269 1673 477 1753 decernerent,
493 1674 619 1739 tandem
635 1674 802 1739 necessitas
814 1674 974 1740 consilium
990 1675 1114 1760 reperit.
1159 1673 1263 1740 Simu·

172 1773 238 1837 lant
264 1796 296 1840 se
322 1772 354 1838 in
379 1773 488 1840 castris
514 1773 577 1839 suis
601 1774 715 1839 habere
743 1773 976 1860 cynocephalos,
1009 1774 1043 1838 id
1072 1782 1130 1853 est,
1158 1774 1261 1840 canini

172 1873 282 1958 capitis
296 1874 452 1940 homines:
481 1872 644 1959 divulgant
660 1873 744 1959 apud
760 1874 866 1939 hostes
881 1874 938 1939 hos
959 1873 1160 1960 pertinaciter
1179 1875 1263 1940 bella

170 1997 285 2058 gerere,
303 1973 472 2039 humanum
489 1974 670 2059 sanguinem
684 1974 799 2052 bibere,
815 1983 848 2038 et
868 1974 893 2039 si
912 1975 1033 2039 hostem
1056 1974 1177 2059 assequi
1200 1998 1259 2040 non

172 2073 300 2157 possint,
328 2073 485 2160 proprium
511 2082 619 2158 potare
644 2096 794 2139 cruorem.
851 2073 960 2159 thue
994 2074 1066 2139 huic
1101 2075 1262 2141 assertioni

173 2170 266 2237 fidem
283 2175 427 2249 facerent,
444 2173 595 2259 ampliant
610 2175 756 2250 tentoria,
773 2173 978 2260 plurimosque
996 2174 1028 2239 in
1043 2173 1152 2240 castris
1175 2175 1262 2261 ignes

173 2272 356 2340 accendunt.
402 2273 463 2339 His
477 2274 583 2340 hostes
597 2273 722 2353 auditis,
737 2275 870 2359 visisque
886 2274 1003 2339 creduli
1018 2273 1130 2352 effecti,
1146 2275 1262 2342 bellum

173 2373 256 2456 quod
270 2373 478 2449 minabantur,
489 2371 558 2460 jam
575 2382 696 2439 tentare
712 2397 774 2439 non
791 2375 918 2440 audent.

219 2473 304 2537 XII.
330 2472 500 2539 Habebant
530 2487 636 2539 tamen
666 2474 749 2561 apud
780 2497 812 2539 se
844 2475 946 2540 virum
977 2474 1189 2554 fortIssimum,
1222 2472 1262 2542 dc

174 2571 261 2658 cujus
288 2572 426 2638 fidebant
448 2573 573 2651 viribus,
604 2597 692 2659 posse
718 2597 751 2640 se
779 2575 983 2661 proculdubio
1008 2575 1148 2641 obtinere
1180 2576 1264 2660 quod

174 2674 297 2753 vellent,
330 2675 412 2739 hunc
446 2675 545 2739 solum
576 2697 639 2759 pras
677 2674 820 2740 omnibns
856 2685 1066 2761 pugnaturum
1102 2673 1263 2762 objiciunt.

176 2774 391 2859 Mandantque
407 2773 629 2861 Langobardis,
645 2783 682 2839 ut
695 2798 793 2840 unum
807 2798 898 2860 quem
915 2776 1030 2841 vellent
1043 2798 1169 2841 suorum
1191 2776 1264 2842 mit·

175 2881 285 2950 terent,
309 2875 360 2959 qui
383 2897 454 2939 cum
477 2898 513 2939 eo
538 2875 579 2940 ad
601 2875 755 2960 singulare
770 2883 926 2940 certamen
941 2876 1051 2954 exiret,
1069 2898 1107 2940 ea
1120 2876 1265 2942 videlicet

175 2973 360 3053 conditione,
378 2985 414 3039 ut
436 2976 461 3039 si
483 2997 557 3040 suus
578 2975 710 3040 bellator
726 2975 888 3040 victoriam
909 2986 1043 3062 caperet,
1067 2976 1265 3063 Langobardi

175 3072 284 3140 itinere
306 3099 366 3159 quo
382 3084 529 3140 venerant
550 3074 691 3140 abirent:
719 3075 766 3141 sin
789 3098 860 3141 vers
882 3085 1080 3162 superaretur
1100 3078 1140 3143 ab
1155 3078 1263 3157 altero,

174 3182 249 3239 tunc
275 3198 307 3240 se
337 3175 550 3261 Longobardis
573 3175 740 3241 transitum
762 3173 917 3262 perfines
941 3178 1081 3263 proprios
1103 3200 1164 3243 non
1188 3179 1265 3244 veti-

173 3283 271 3341 turos.
326 3276 465 3360 Cumque
493 3275 701 3362 Longobardi,
728 3299 820 3362 quem
845 3299 863 3340 e
893 3277 956 3342 suis
985 3278 1089 3365 potius
1117 3278 1266 3344 adversus

173 3375 274 3440 virum
297 3375 558 3442 bellicosissimum
582 3376 755 3455 mitterent,
777 3376 981 3461 ambigerent,
1004 3377 1130 3461 quidam
1145 3401 1185 3442 ex
1202 3401 1265 3445 ser·

174 3475 226 3539 vili
249 3476 424 3541 conditione
445 3484 556 3562 sponte
578 3498 610 3540 se
625 3477 750 3554 obtulit,
768 3476 923 3562 promittit
938 3499 970 3542 se
987 3479 1168 3561 provocanti
1182 3478 1264 3544 hosti

175 3598 428 3661 congressurum
457 3599 494 3640 ea
514 3576 642 3654 ratione,
659 3584 696 3641 ut
718 3576 744 3643 si
760 3576 798 3641 de
812 3576 901 3641 hoste
917 3576 1078 3641 victoriam
1093 3588 1226 3662 caperet,
1244 3601 1265 3643 a

176 3696 209 3739 se
229 3698 343 3758 suaque
358 3676 503 3761 progenie
520 3675 679 3742 servitutis
700 3699 823 3743 navum
844 3676 1011 3741 auferrent.
1058 3677 1141 3760 Quid
1158 3678 1264 3763 plural

174 3784 336 3859 gratanter
352 3798 418 3860 quae
434 3775 644 3860 postulaverat
658 3799 724 3842 esse
738 3777 875 3842 facturos
891 3776 1081 3861 pollicentur.
1128 3781 1263 3863 Aggres-

176 3896 227 3939 sus
249 3875 372 3940 bostem
393 3875 584 3962 expugnavit
607 3883 639 3941 et
660 3877 756 3952 vicit,
787 3876 1001 3963 Langobardis
1020 3877 1200 3942 transeundi
1216 3877 1264 3943 fa·

176 3975 335 4052 cultatem,
348 3975 404 4040 sibi
416 3976 549 4060 suisque,
562 3984 598 4040 ut
612 3985 786 4061 optaverat,
793 3975 868 4062 jura
880 3977 1033 4042 libertatis
1045 3977 1190 4063 indeptus
1204 3986 1263 4044 est.

220 4074 326 4139 XIII.
350 4074 451 4161 Igitur
484 4074 680 4162 Longobardi
713 4077 842 4142 taudem
875 4078 908 4141 in
932 4076 1132 4163 Mauringam
1154 4102 1262 4164 perve-

174 4175 303 4252 nientes,
330 4183 366 4240 ut
389 4175 574 4241 bellatorum
599 4176 718 4262 possint
742 4177 890 4263 ampliare
915 4200 1087 4254 numerum,
1114 4179 1217 4264 plures
1240 4203 1262 4246 a

172 4276 274 4341 servili
293 4275 373 4362 jugo
397 4283 528 4361 ereptos,
554 4276 595 4341 ad
620 4276 773 4343 libertatis
797 4285 914 4342 statum
939 4277 1133 4363 perducunt3
1164 4288 1261 4365 utque

172 4385 241 4441 rata
265 4399 373 4442 eorum
393 4375 500 4442 haberi
526 4385 629 4462 posset
651 4377 786 4454 libertas,
809 4379 951 4444 sanciunt
976 4400 1060 4444 more
1085 4379 1176 4445 solito
1205 4404 1261 4466 per

171 4479 327 4562 sagittam,
344 4477 615 4542 immurmurantes
631 4477 838 4554 nibilominus,
855 4480 895 4544 ob
910 4481 954 4545 rei
969 4479 1158 4558 firmitatem,
1175 4504 1260 4565 qnae-

174 4577 246 4641 dam
268 4579 370 4664 patria
391 4578 495 4643 verba.
541 4576 665 4663 Egressi
683 4578 788 4664 itaque
807 4579 1003 4666 Longobardi
1020 4580 1060 4645 de
1080 4581 1257 4666 Mauringm

172 4678 386 4763 applicueruut
411 4678 443 4742 in
470 4678 622 4755 (dolenda,
645 4680 700 4744 ubi
723 4680 881 4765 aliquanto
909 4691 1048 4768 tempore
1078 4682 1260 4745 commorati

171 4776 326 4844 dicuntur.
379 4778 456 4843 Post
484 4778 551 4843 haec
579 4780 721 4845 Anthaib
747 4790 779 4844 et
810 4780 977 4859 Banthaib,
1005 4781 1073 4866 pari
1105 4780 1198 4847 modo
1227 4789 1260 4847 et
