2886 5378
183 816 263 885 eviii
450 829 528 884 rnn
550 827 732 883 onnurnr
756 826 803 883 on
829 827 997 883 merrus.

183 993 346 1078 inrupere:
370 992 440 1075 quis
457 989 686 1077 impugnandus
704 1012 808 1075 agger,
824 998 860 1054 ut
876 990 901 1055 si
919 1012 1041 1054 murum
1064 991 1274 1067 succederent,

181 1092 330 1178 gravibus
354 1114 484 1177 superne
502 1091 616 1156 ictibus
631 1087 898 1157 conflictabantur.
955 1089 1059 1156 Sensit
1082 1091 1148 1155 dux
1177 1092 1276 1178 impa-

181 1215 247 1257 rem
270 1192 408 1256 cominus
434 1214 580 1277 pugnam,
597 1191 784 1274 remotisque
810 1191 947 1277 paullum
974 1191 1155 1277 legionibus,
1171 1192 1276 1256 fundi·

182 1300 265 1356 tores
286 1292 507 1377 libratoresque
523 1301 669 1356 excutere
684 1278 806 1368 tela,'et
821 1292 1004 1376 proturbare
1028 1292 1150 1357 hostem
1161 1290 1273 1377 jubet:

181 1392 282 1458 misser
301 1416 318 1456 e
335 1393 500 1457 tormentis
525 1391 634 1469 hastae,
655 1381 832 1475 quantoque
857 1393 1014 1476 conspicui
1040 1393 1139 1477 magis
1161 1416 1275 1477 propu-

181 1501 336 1579 gnatores,
367 1501 457 1557 tauto
490 1492 630 1578 pluribus
655 1490 833 1558 vulneribus
859 1490 981 1578 dejecti.
1027 1493 1153 1558 Primus
1171 1492 1276 1559 Oaesar

180 1615 252 1658 cum
284 1594 434 1678 praetoriis
465 1592 656 1667 cohortibus,
687 1600 778 1677 capto
809 1592 901 1670 vallo,
930 1592 1017 1657 dedit
1054 1593 1206 1678 impetum
1241 1595 1273 1658 iu

179 1693 291 1758 silvas:
317 1694 439 1758 conlato
460 1693 523 1758 illio
550 1692 649 1778 gradu
676 1701 852 1757 certatum:
876 1694 999 1757 hostem
1021 1717 1041 1757 a
1064 1701 1152 1779 tergo
1174 1694 1272 1778 palus,

179 1793 337 1858 Romanos
354 1791 469 1858 flumen
493 1805 548 1858 aut
563 1807 684 1857 montes
707 1791 915 1857 claudebant:
945 1795 1084 1878 utrisque
1106 1795 1273 1860 necessitas

183 1894 214 1958 in
232 1894 309 1969 loco,
326 1917 396 1979 spes
413 1894 445 1958 in
463 1894 589 1971 virtute,
606 1894 689 1958 salus
704 1916 743 1957 ex
759 1893 898 1958 victoria.

224 1994 328 2059 XXI.
356 1994 423 2058 Nec
450 1995 550 2059 minor
580 1993 745 2058 Germanis
768 1995 900 2070 animus,
934 1994 990 2059 sed
1015 2017 1128 2080 genere
1159 2019 1271 2081 pugna

178 2102 211 2159 et
228 2118 384 2160 armorum
401 2095 647 2178 superabantnr3
672 2116 743 2158 cum
760 2094 869 2180 ingens
880 2094 1060 2172 multitudo,
1076 2097 1170 2161 arctis
1186 2095 1269 2172 locis,

178 2197 351 2282 praelongas
384 2195 489 2260 hastas
528 2217 589 2258 non
630 2194 842 2280 protenderet,
873 2218 934 2259 non
965 2196 1134 2281 colligeret,
1170 2219 1271 2280 neque

176 2295 352 2361 adsultibus
368 2305 400 2361 et
425 2295 591 2360 velocitate
614 2318 776 2380 corporum
800 2303 950 2372 uteretur,
966 2304 1074 2360 coacta
1095 2297 1205 2361 stabile
1229 2296 1270 2360 ad

179 2398 338 2481 proelium:
363 2408 471 2460 contra
497 2396 593 2474 miles,
613 2396 662 2459 cui
684 2404 807 2460 scutum
825 2397 943 2481 pectori
966 2395 1155 2482 adpressum,
1172 2406 1204 2461 et
1225 2398 1269 2461 iu-

179 2496 282 2562 sidens
293 2497 402 2581 capulo
412 2519 531 2572 manns,
548 2496 628 2561 latos
642 2497 841 2560 barbarorum
858 2506 955 2572 artus,
969 2497 1053 2561 nuda
1067 2520 1122 2561 ora
1139 2497 1268 2573 foderet,

178 2596 322 2680 viamque
344 2606 448 2682 strage
471 2597 608 2661 hostium
636 2597 789 2680 aperiret:
815 2596 1004 2682 imprompto
1021 2595 1090 2683 jam
1114 2597 1268 2674 Arminio,

178 2696 219 2760 ob
234 2697 381 2760 continua
407 2696 551 2780 pericula,
569 2696 633 2760 sive
653 2697 741 2759 illum
769 2719 873 2761 recens
895 2706 1058 2782 acceptum
1074 2698 1184 2762 vulnus
1206 2707 1269 2763 tar·

178 2795 318 2861 daverat.
362 2796 445 2877 Quin
461 2807 492 2859 et
512 2795 744 2880 Inguiomerum
759 2805 827 2860 tota
841 2798 1025 2862 volitantem
1048 2798 1126 2872 acie,
1144 2799 1271 2863 fortuna

178 2897 278 2982 magis
306 2918 398 2979 quarn
428 2896 528 2959 virtus
558 2895 741 2960 deserebat:
774 2903 806 2960 et
835 2896 1049 2971 Germanicus,
1081 2919 1141 2979 quo
1168 2900 1269 2982 magis

179 2996 429 3083 adgnosceretur,
462 2995 642 3060 detraxerat
677 2967 814 3080 tegimeh
849 2997 953 3081 capiti,
982 2997 1152 3081 orabatque
1188 3005 1207 3032 “
1222 2998 1269 3061 in·-

178 3097 322 3162 sisterent
356 3096 502 3168 caedibns,
535 3095 579 3158 nil
608 3118 686 3180 opus
722 3097 863 3180 captivis,
898 3098 994 3161 solam
1027 3097 1267 3161 internecionem

177 3197 281 3283 gentle
304 3194 395 3261 finem
411 3196 491 3262 bello
514 3195 608 3259 fore.”
654 3195 791 3279 Jamque
808 3219 876 3261 sero
899 3197 959 3260 diei
979 3196 1124 3261 subducit
1142 3219 1181 3260 ex
1201 3199 1269 3262 acie

176 3297 340 3383 legionem,
367 3295 515 3361 faciendis
544 3296 674 3360 castris:
705 3305 815 3360 ceterae
840 3296 882 3361 ad
911 3307 1035 3361 noctem
1063 3319 1169 3361 cruore
1197 3298 1268 3363 hos-

176 3396 257 3462 tium
272 3398 392 3463 satiatae
407 3404 497 3462 sunt:
523 3396 641 3480 equites
657 3396 802 3482 ambigue
816 3407 984 3462 certavere.

221 3497 346 3563 XXII.
385 3497 537 3562 Laudatis
574 3520 630 3581 pro
664 3497 810 3562 concione
839 3498 1017 3574 victoribus,
1051 3497 1155 3563 (laesar
1195 3521 1266 3563 con-

176 3599 292 3685 geriem
324 3621 480 3662 annorum
512 3597 639 3673 struxit,
673 3598 805 3682 superbo
840 3622 909 3662 oum
942 3599 1053 3662 titulo:
1085 3623 1269 3664 nannnnarrs

178 3723 270 3763 nrrsa
292 3722 424 3762 annuum
442 3721 599 3767 inarmans
613 3721 799 3762 nnrroxrans
820 3723 995 3763 nxnnorrnn
1011 3723 1122 3763 maran
1139 3724 1268 3765 casurus

178 3823 216 3862 na
244 3823 430 3863 uoxrnnrrra
459 3822 557 3861 nnana
584 3822 621 3861 ur
641 3821 708 3862 sorr
730 3822 767 3862 ar
790 3823 926 3864 annuero
949 3824 1145 3864 sncnxvrssn:
1172 3801 1266 3865 dese

176 3899 252 3964 nihil
274 3899 407 3976 addidit,
425 3908 511 3963 metu
534 3898 667 3975 invidia,
683 3921 723 3962 an
745 3907 832 3964 ratus
847 3900 1065 3964 conscientiam
1083 3901 1175 3966 factis
1192 3902 1268 3966 satis

177 4023 253 4065 esse.
312 4000 392 4063 hlox
422 3999 536 4063 bellum
569 3999 600 4062 in
633 3999 837 4084 Angrivarios
877 3999 1027 4065 Stertinio
1064 4002 1204 4077 mandat,
1234 4003 1267 4065 ni

177 4099 367 4164 deditionem
402 4099 667 4184 properavissent:
715 4108 809 4183 atque
839 4099 884 4164 illi
915 4101 1078 4187 supplices,
1106 4102 1182 4166 nihil
1213 4102 1265 4167 ab·

176 4200 310 4275 nuendo,
326 4201 448 4264 veniam
467 4200 604 4263 omnium
619 4221 774 4284 accepere.

227 4301 372 4365 XXIII.
397 4299 460 4364 Sed
490 4308 599 4364 aestate
627 4297 697 4384 jam
729 4300 848 4376 adulta,
873 4300 1031 4385 legionum
1060 4302 1129 4365 alia
1157 4301 1265 4366 itinere

176 4401 314 4467 terrestri
340 4400 370 4464 in
399 4399 598 4464 hibernacula
619 4399 773 4463 remissae:
802 4401 905 4485 plnres
929 4400 1033 4465 Gaesar
1056 4401 1145 4466 classi
1168 4401 1265 4486 impo-

176 4504 253 4568 sitas
276 4523 330 4586 per
353 4499 467 4564 flumen
492 4499 646 4563 Amisiam
670 4498 794 4562 Oceano
817 4501 948 4566 invexit.
1000 4500 1051 4565 Ac
1073 4503 1173 4586 primo
1198 4502 1267 4585 pla-

174 4604 278 4669 cidum
300 4624 406 4685 aequor
420 4599 504 4663 mille
526 4600 652 4663 navium
674 4601 767 4664 remis
790 4608 935 4686 strepere,
952 4607 1007 4664 aut
1029 4599 1105 4665 velis
1126 4600 1265 4685 impelli:

174 4726 248 4769 mox
269 4710 336 4767 atro
358 4701 487 4765 nubium
506 4700 597 4784 globo
614 4700 711 4765 effusa
733 4685 874 4784 grando:
898 4699 989 4766 simul
1013 4699 1106 4765 variis
1128 4700 1265 4785 undique

174 4804 323 4890 procellis,
347 4802 455 4866 incerti
475 4798 587 4866 fluctus
611 4810 809 4887 prospectum
829 4801 976 4879 adimere,
1003 4800 1140 4886 regimen
1169 4803 1265 4887 impe-
